1716 3190
347 206 440 258 228
550 205 1421 254 ANNOTATIONES

400 297 474 335 ead.
494 295 519 335 l.
551 310 566 335 1
601 326 610 335 .
630 295 850 336 ‘offent—
869 295 1078 391 Σικελίαν-ἒ.
1088 296 1264 337 Thomas
1285 296 1465 351 Magister
1486 296 1526 338 in
1545 297 1611 339 ἑλέ

344 347 468 396 πίζω,
489 350 570 389 omi
602 363 628 389 o
658 365 711 391 τι.
733 350 844 390 male.
869 353 1013 391 WAss.
1079 350 1218 397 homas
1247 350 1385 391 ibidem
1409 364 1610 406 perperam

345 414 368 441 e
393 404 567 444 Luciano
588 403 693 444 Dial.
714 396 868 444 Pluton.
889 405 930 445 δι
950 405 1121 445 Mercur.
1146 403 1257 445 affert
1277 404 1425 458 ἐλπίζει
1446 418 1522 459 pro
1538 406 1611 447 ἑπ-

344 457 501 508 swa-1321.
527 458 631 499 Vide
650 456 979 499 Hemsterhufium
1002 458 1049 499 ad
1065 459 1168 499 hunc
1188 457 1320 499 locum
1341 458 1510 499 Luciani.

398 511 492 563 Pag.
513 526 551 560 4.
577 513 601 550 I.
621 511 658 550 8.
682 511 912 565 ‘Tornpect'oee
928 511 1017 553 ταῖς
1039 511 1193 566 ναυσὶν)
1213 511 1327 553 Valla
1346 523 1518 553 verterat
1537 512 1610 554 mi-

344 564 477 618 nisteria
503 567 552 604 ad
571 565 728 605 nauticos
748 565 845 618 usus.
867 565 932 606 Ab
958 579 1009 606 eo
1034 565 1113 606 fine
1136 565 1248 606 causa
1277 565 1434 607 disceffit
1457 566 1612 607 Portus.

344 618 511 659 Aeacius
525 632 686 673 quoque
703 632 785 660 non
801 619 915 667 male,
928 620 1091 674 ministros
1100 620 1266 660 nauticos.
1282 619 1371 660 Vid.
1386 620 1432 660 ad
1445 620 1522 668 VI,
1545 634 1610 674 3¹·
1640 653 1647 660 .

397 673 491 725 Pag.
521 686 552 723 5.
572 675 595 712 I.
619 674 657 713 6.
678 672 755 714 Τῶν
780 687 825 712 τε
851 676 960 712 κατὰ
978 673 1046 714 τὴν
1062 673 1172 715 πόλιν
1197 674 1236 713 τὶ
1260 673 1298 714 ἐς
1323 670 1513 725 εὐτέλειαν
1535 688 1609 714 σω-

344 726 536 779 φρονίσαι)
560 727 653 766 Hoc
671 725 895 767 Scholiastes
917 725 1034 767 refert
1057 727 1104 767 ad
1125 728 1326 782 privatos,
1340 727 1450 782 quafi
1468 727 1508 767 hi
1523 726 1608 768 iuffi

344 778 485 819 fuerint
512 781 667 833 parcius
690 781 732 820 δι
760 781 888 820 minus
922 779 1145 829 sumtuose,
1166 795 1284 834 quam
1316 791 1429 828 ante,
1454 782 1606 822 vivere.

342 832 417 873 Sed
430 834 591 881 dubito,
611 848 660 874 an
682 834 932 887 Thucydides
974 835 1080 875 otius
1098 835 1144 875 de
1159 834 1346 876 sumtibus
1360 834 1519 890 publicis
1538 836 1612 876 cir·

342 887 520 928 cumcifis
546 889 742 942 loquatur.
765 888 870 929 Nam
894 848 1146 929 Athenienses
1175 888 1260 942 post
1280 888 1463 932 Deceliae
1483 889 1612 929 muni·

341 941 488 982 tionem
506 943 614 982 omni
631 942 760 983 fruau
784 955 970 996 agrorum
993 943 1162 996 privati,
1190 941 1326 983 amiffis
1343 943 1460 987 etiam
1481 943 1609 983 omni-

340 995 416 1035 bus
436 996 580 1037 ovibus
603 997 646 1038 &
670 996 850 1037 iumentis
864 1027 877 1044 ,
900 1009 982 1037 non
1005 997 1248 1037 abundabant
1271 997 1422 1052 copiis,
1445 996 1487 1037 δι
1511 996 1609 1037 diffi-

340 1049 422 1096 cilis
446 1049 547 1090 fa&a
564 1061 646 1091 erat
670 1049 870 1091 subvefflo
893 1060 1210 1098 commeatuum,
1227 1060 1273 1090 ut
1292 1049 1418 1091 scribit
1437 1050 1608 1103 Thucy-

341 1103 448 1144 dides
469 1103 572 1153 VII,
598 1118 662 1157 27,
690 1104 752 1145 28,
776 1115 820 1145 ut
846 1104 943 1146 adeo
970 1117 1051 1145 non
1102 1104 1276 1145 robabile
1306 1100 1376 1152 fit,
1396 1116 1481 1145 tum
1508 1104 1610 1145 mul·

343 1167 476 1198 torum
495 1159 740 1212 privatorum
765 1159 904 1199 domos
929 1158 1044 1199 valde
1067 1119 1282 1199 Kimmosas
1308 1157 1430 1200 fuisse:
1449 1157 1609 1199 Fiebant

340 1222 472 1251 autem
486 1212 596 1252 multi
610 1212 772 1255 Athenis
785 1211 933 1253 sumtus
948 1213 1093 1267 publici
1108 1213 1149 1252 in
1162 1211 1265 1254 sacra
1276 1244 1288 1263 ‚
1303 1212 1344 1252 in
1369 1211 1582 1267 speetacula
1594 1242 1610 1262 ,

342 1265 385 1305 &
406 1266 549 1307 iudices
562 1297 574 1314 ‚
596 1279 697 1320 quos
718 1267 893 1307 minuere
918 1267 960 1307 &
981 1267 1022 1307 in
1043 1265 1155 1307 usum
1179 1267 1268 1306 belli
1287 1277 1516 1307 convertere
1530 1279 1611 1307 vo-

339 1319 474 1360 lebant
499 1319 763 1361 Athenienses.
791 1321 852 1362 Sic
882 1320 983 1361 idem
1008 1319 1087 1360 fere
1117 1320 1163 1361 de
1189 1318 1489 1371 Atheniensibus
1507 1319 1608 1360 dicat

340 1373 615 1427 Thucydides,
635 1374 743 1428 quod
769 1375 816 1415 de
843 1374 977 1415 Nerva
1002 1374 1235 1428 Xiphilinus:
1261 1377 1422 1417 Πολλὰς·
1441 1373 1512 1426 μὲν
1538 1377 1609 1414 δυ-

341 1427 455 1476 aiae,
480 1430 631 1469 ’πολλὰς
654 1427 699 1468 δὲ
720 1427 1002 1482 ἱπποὲρομίας,
1027 1427 1159 1468 ἄλλοις
1181 1431 1225 1468 τέ
1245 1442 1355 1468 τινας
1377 1427 1471 1471 θέεις
1491 1427 1610 1468 κατέ·

339 1491 438 1522 auce
449 1513 461 1532 ,
481 1482 702 1523 συστέλλων
728 1477 776 1524 ὦς
797 1478 869 1522 οἷὸν
889 1496 935 1524 τε
951 1484 1005 1523 τὰ
1022 1479 1310 1533 Σαπανῆμοιτοι.
1329 1481 1608 1534 Adhiberefitm.

336 1535 430 1575 tibus
451 1539 609 1586 modum,
632 1536 721 1576 dicit
742 1535 949 1577 Suetonius
970 1536 1064 1576 Ner.
1090 1549 1172 1589 cap.
1200 1535 1260 1575 16.
1291 1537 1412 1576 Cavete
1434 1535 1606 1588 sumtibus

335 1590 507 1644 publicis,
527 1590 771 1644 Capitolinus
796 1590 854 1630 M.
882 1590 1032 1630 Anton.
1058 1588 1197 1630 Philos.
1222 1601 1305 1643 cap.
1335 1603 1378 1629 11
1395 1619 1410 1636 ,
1431 1589 1501 1629 ubi
1525 1589 1608 1630 vid.

339 1643 630 1685 casaubonum.
647 1643 732 1698 Ipse
744 1643 998 1696 Thucydides
1013 1644 1199 1698 interpres
1212 1643 1267 1683 est
1284 1643 1498 1685 verborum
1520 1641 1609 1684 suo-

337 1711 427 1738 rum
449 1697 549 1739 infra
571 1711 654 1751 cap.
674 1712 716 1747 4:
739 1698 810 1738 Koei
829 1700 884 1738 τὰ
898 1695 1009 1737 ἄλλοι
1023 1697 1129 1738 εἵπου
1148 1711 1185 1736 τι
1204 1696 1327 1738 {Mansa
1342 1696 1497 1751 ἀχρεῖον
1516 1697 1607 1738 ἀνα,-

339 1752 572 1802 mouebat,
609 1751 899 1805 ξυστελλόμενοι
932 1752 970 1792 ἐς
995 1746 1196 1792 εὗτέλεωιν.
1217 1750 1302 1801 ,Pro
1330 1763 1407 1799 eo,
1433 1749 1540 1804 quod
1564 1751 1607 1791 in

338 1806 545 1847 Scholiasta
565 1807 704 1860 legitur
721 1801 814 1847 sime
833 1804 930 1852 βιοῦν
944 1837 956 1855 ,
974 1802 1283 1845 Hemsterhufius
1301 1804 1348 1844 ad
1361 1803 1506 1856 Polluc.
1524 1804 1608 1852 lx,

342 1860 418 1915 138
432 1893 443 1910 ,
471 1860 700 1902 coniiciebat
735 1859 851 1900 ἐάσαι
882 1858 994 1907 βιοῦν.
1019 1857 1199 1899 Fortaffis
1218 1871 1353 1900 veram
1380 1857 1608 1913 sctipturam

335 1913 507 1956 servavit
527 1913 627 1955 Cod.
649 1913 752 1954 Caff.
776 1913 910 1955 πεῖσαι
932 1910 1042 1960 βιοῦν.
1351 1913 1359 1921 ’
1606 1949 1608 1953 ,

392 1971 466 2009 ead.
500 1970 526 2009 l.
555 1968 592 2009 8.
615 1967 679 2007 Ὠς
705 1967 752 2008 ἂν
787 1970 914 2022 καιρὶις
941 1962 992 2022 ἶ)
1013 1969 1114 2007 Dum
1137 1977 1265 2021 tempus
1288 1965 1392 2022 effic,
1411 1975 1456 2008 ut
1483 1964 1608 2007 Sch0⁴

337 2021 388 2062 lia
407 2022 482 2064 Gr.
505 2021 676 2063 Fortaffe
699 2034 783 2062 non
801 2021 923 2070 male,
969 2032 1046 2061 rout
1063 2033 1214 2072 tempus,
1235 2021 1293 2060 vel
1311 2023 1438 2073 occastv
1451 2034 1500 2074 po
1527 2021 1606 2060 ula-

339 2088 415 2125 ret;
433 2077 521 2125 vel,
540 2087 645 2131 prout
661 2087 885 2130 opportunum
908 2036 997 2130 ᾖε.
1018 2074 1171 2115 Sum.
1190 2073 1398 2115 Palmerius
1416 2073 1458 2116 in
1518 2086 1606 2114 xer-

338 2131 445 2171 citat.
467 2144 555 2185 pag.
580 2131 657 2183 765
670 2160 684 2177 ,
698 2132 794 2183 ficut
813 2143 943 2183 tempus
965 2128 1150 2184 requireret.
1177 2129 1287 2171 Haec
1313 2128 1468 2180 veriqra
1489 2126 1606 2175 sunt,

337 2199 454 2240 quam
469 2184 579 2239 quod
597 2182 824 2226 Scholiastes
845 2184 936 2225 dicit
954 2179 1003 2224 ὦς
1022 2182 1085 2223 hic
1104 2195 1177 2237 pro
1197 2178 1263 2222 ἕως
1279 2182 1394 2236 poni:
1413 2181 1521 2235 quod
1539 2194 1608 2222 ne.

335 2252 414 2293 que
433 2238 639 2280 sententiae
660 2237 775 2278 huius
795 2237 872 2278 loci
898 2237 1109 2284 convenit,
1130 2237 1173 2277 &
1195 2233 1358 2276 fortaffis
1378 2233 1456 2275 fine
1473 2247 1607 2275 exem..

1699 2222 1711 2246 «¹.
1679 2191 1681 2195 Α
1679 1675 1711 2162 Μ·ε’-Λρ“κὲ-μὴ«>-.ψξς““ξ,,ε-.ῑ
1697 1618 1711 1652 -,,-
1694 1578 1710 1605 1⁴2»
1696 1551 1699 1553 v
1695 1515 1706 1522 ·,
1696 1458 1710 1475 ·,
1702 1419 1703 1422 „
1695 1373 1700 1386 ’-

337 2293 407 2347 plo
431 2292 495 2334 est.
521 2292 676 2334 Aueior
703 2291 802 2332 levis
813 2322 831 2355 ζ
853 2292 923 2345 qui
949 2291 1078 2332 varias
1101 2284 1393 2352 significationes
1420 2288 1608 2329 vocabuli
1675 2311 1680 2315 ·

335 2346 386 2387 ὦς
413 2346 622 2401 congestst,
643 2341 691 2386 ὦς
715 2359 789 2400 pro
820 2342 885 2386 ε’ως
905 2343 979 2386 effe
998 2345 1087 2385 dicit
1111 2357 1151 2384 111
1167 2344 1356 2397 Homero
1375 2341 1453 2383 od.
1474 2342 1537 2396 γ’,
1559 2356 1603 2383 v.

343 2415 441 2455 301:
467 2401 533 2441 Ὠς
554 2399 570 2440 ὃ
593 2399 663 2452 μὲν
693 2399 775 2440 ἔνθα
794 2398 914 2440 πολὺν
937 2398 1058 2446 βίοτον
1083 2397 1147 2443 και)
1175 2399 1317 2452 χρυσδν
1337 2395 1508 2450 ἀγείρων.
1533 2395 1608 2437 Sed

342 2466 518 2509 apertum
534 2453 603 2502 est,
616 2467 704 2494 eum
724 2453 812 2493 falli.
835 2451 928 2494 Ὠςὸ
944 2452 1038 2505 μὲν,
1059 2451 1165 2505 quod
1179 2450 1291 2512 saepe
1305 2450 1343 2490 in
1357 2450 1537 2490 Homero
1553 2450 1610 2490 le·

343 2510 471 2563 gitur,
494 2509 588 2549 alias
610 2506 904 2562 significationes
931 2506 1072 2555 habet,
1094 2505 1141 2546 de
1160 2505 1301 2559 quibus
1328 2502 1546 2556 Eustathius
1565 2503 1613 2545 ad
1672 2510 1716 2556 γ

1714 2466 1716 2498 l

1714 2555 1716 2584 l

1676 2418 1716 2475 ᾗ]

1592 2780 1716 2995 ἰ

1668 2989 1716 3190 ‘l
