1716 3190
357 261 449 309 2oe
557 242 1423 292 ANNOTATIONES

355 330 498 392 retulit.
519 329 605 425 Nae
622 331 739 373 video
761 330 972 386 quidquam
1000 331 1178 380 obstare,
1192 345 1279 387 quo
1297 333 1427 374 minus
1443 331 1498 373 ita
1513 331 1624 374 reete

355 397 436 425 acci
529 398 554 425 o
584 395 656 425 int.

414 399 607 493 ΡίιςΡιρς.
626 441 650 479 l.
670 453 705 478 2.
724 438 824 479 Τινὲς
842 438 940 493 sim)
953 439 1012 480 Ita
1025 440 1084 480 bis
1098 450 1235 494 terque
1247 438 1388 481 noster.
1407 438 1468 480 Ita
1479 439 1624 480 Cicero

355 491 393 532 Π
410 492 457 532 de
470 492 590 533 Finib.
611 507 624 531 1
665 523 676 541 ,
691 493 886 540 Leonidas,
901 495 1189 547 Epaminondas,
1206 506 1283 535 tres
1301 493 1443 549 aliqui,
1456 507 1522 534 aut
1539 508 1623 548 qua·

354 559 443 586 tuor.
457 547 604 587 WAss.
664 546 725 586 ide
739 547 786 586 ad
803 546 920 594 VIII,
941 562 1004 587 21.

409 601 484 639 ead.
499 600 524 640 l.
539 600 576 640 8.
596 600 712 639 Δυσὶν
731 597 907 654 ἧμέραις)
921 600 1162 653 Phrynichus
1180 614 1268 655 pag.
1291 615 1361 657 34,
1373 601 1470 641 Δυσ)
1483 599 1539 652 μὴ
1561 600 1624 640 Λέ-

355 666 435 704 γε,
461 654 572 693 ἀλλὰ
597 653 709 694 δυοῖν.
733 654 806 694 Sed
827 654 1005 695 Thomas
1028 654 1212 709 Magister
1233 655 1327 695 svo-i
1350 668 1400 695 ex
1422 655 1502 695 hoc
1527 655 1624 696 loco

347 707 620 759 Thucydidis,
639 707 679 748 δι
697 707 778 748 alio
795 707 992 755 Aristidis,
1010 708 1192 750 adversus
1209 709 1472 761 Phrynichum
1493 708 1625 749 defen·

355 760 426 800 dit:
448 760 516 800 etfi
539 760 641 801 δυοῖν
661 761 841 824 praefert.
862 762 972 802 Adde
992 761 1232 803 Nunnefium
1251 763 1300 803 ad
1316 761 1596 814 Phrynichum.

358 862 361 864 v
407 818 482 854 ead.
497 816 520 854 I.
536 829 573 868 9.
592 819 695 869 Τρεις
711 829 840 855 τεο-σοι
860 817 1034 856 αισα-τὰς
1052 813 1216 857 ἕκαστος
1225 815 1338 870 Χίοις)
1351 817 1430 856 Vir
1448 815 1622 856 summus

354 867 531 908 Ezechiel
554 868 805 923 spanhemius
866 869 972 910 iss.V
994 870 1040 910 de
1050 869 1311 911 Praestant.&
1333 869 1413 910 Usu
1433 869 1624 911 Numism.

353 922 567 976 Antiquor.
588 936 674 977 pag.
698 937 774 977 249
795 924 977 974 miratur,
996 937 1066 964 cur
1089 923 1231 964 Portus
1249 924 1287 963 in
1307 924 1623 978 interpretatione

353 975 489 1016 Latina
509 977 710 1017 retinuerit
727 990 872 1018 vocem
892 977 1083 1018 Graecam
1102 978 1360 1031 teffzracostas;
1382 977 1424 1017 &
1443 990 1534 1018 cum
1557 978 1622 1018 hic

354 1032 402 1070 de
427 1031 588 1071 nautico
611 1029 797 1085 stipendio
821 1032 883 1084 agi
904 1031 1063 1086 liqueat,
1090 1031 1177 1087 post
1201 1032 1306 1072 Chias
1324 1043 1406 1072 non
1434 1031 1624 1072 addiderit

352 1086 547 1124 drachmas.
567 1085 650 1125 Nec
668 1085 780 1127 aliter
791 1085 887 1126 haec
905 1086 1028 1126 verba
1043 1085 1268 1140 explicanda
1284 1082 1360 1126 effe
1373 1085 1461 1126 dicit
1471 1117 1484 1135 ‚
1501 1099 1626 1147 quant
1707 1115 1716 1144 Ξ.

353 1137 400 1177 de
417 1139 645 1192 quadraginta
659 1140 695 1179 6»
707 1140 815 1179 tribus
832 1141 1024 1187 drachmis,
1043 1152 1140 1193 quas
1158 1138 1295 1193 singuli
1310 1134 1451 1179 nautae
1469 1137 1535 1180 seu
1549 1153 1622 1179 nu-

352 1192 440 1231 lites
461 1191 582 1232 claffis
596 1193 689 1234 Pelo
719 1192 923 1243 onnefiae‚
975 1206 1048 1236 uae
1062 1193 1108 1234 ad
1121 1206 1171 1234 ex
1221 1193 1404 1234 ditionem
1429 1193 1468 1232 in
1481 1184 1622 1234 Helle·
1706 1203 1707 1206 ’

351 1244 376 1284 s
396 1257 533 1286 ontum
552 1246 651 1287 adve
687 1260 735 1287 us
751 1248 944 1288 Athenien
961 1260 1003 1288 es
1025 1247 1162 1301 profici
1180 1247 1363 1297 cebatur,
1377 1260 1401 1287 a
1417 1246 1524 1288 Chiis
1544 1259 1622 1302 pro

386 1300 541 1354 ipendio
558 1300 756 1342 menstruo
770 1303 1004 1355 acceperint.
1023 1301 1178 1364 Vallam
1191 1314 1353 1356 quoque
1371 1299 1518 1356 putaffe
1531 1313 1622 1341 ειη-
1698 1332 1700 1334 ψ

352 1353 439 1392 dem
470 1354 786 1408 significationem
817 1356 1031 1396 verborum
1051 1370 1148 1408 τρεις
1174 1357 1495 1408 ‘teramnae-⁷225
1522 1354 1622 1405 effe,

353 1407 518 1448 ostendit
541 1408 642 1449 illius
661 1410 947 1463 interpretatio:
978 1425 1021 1449 ac
1037 1410 1130 1448 datis
1150 1425 1174 1448 a
1192 1410 1328 1471 populo
1350 1409 1437 1448 Chio
1458 1409 1562 1448 ternis
1583 1409 1621 1448 6·
1699 1415 1702 1418 “

353 1463 580 1516 quadraginta
598 1464 711 1505 numis
729 1464 822 1504 Chiis
836 1465 872 1503 in
889 1464 1061 1517 fingulos.
1084 1464 1179 1503 Non
1192 1462 1375 1517 improbo
1393 1461 1620 1503 sententiam
1691 1491 1695 1499 ».

351 1515 574 1570 Spanhemii
592 1517 638 1557 de
654 1516 837 1570 stipendio
851 1516 1059 1558 menstruo.
1082 1516 1155 1559 Sed
1172 1516 1312 1557 vellem
1333 1515 1521 1556 docuiffer
1533 1530 1622 1556 ‘teo-
1700 1527 1714 1552 :-

353 1573 610 1623 σαρακοστὶς,
625 1571 691 1611 vel
712 1570 793 1611 ulla
812 1571 888 1612 alia
906 1571 1020 1612 huius
1036 1570 1188 1611 formae
1205 1569 1442 1616 numeralia,
1463 1581 1510 1610 ut
1529 1570 1621 1610 εἰκο-
1701 1574 1709 1602 ἰ

352 1627 466 1673 «nbc,
479 1627 724 1678 τριακοστὸς,
740 1639 819 1688 pro¹
827 1625 1103 1675 cardinalibus,
1120 1634 1166 1666 ut
1178 1623 1433 1666 Grammatici
1449 1623 1491 1664 lo
1547 1636 1620 1664 un.-

350 1687 441 1724 tur,
454 1681 768 1731 τεσσαρὰκοντοι,
785 1680 898 1720 εἰκοσι
910 1710 924 1726 ,
935 1679 1136 1733 τριάκοντα
1151 1679 1257 1733 poni.
1271 1675 1497 1718 scholiastes
1573 1691 1622 1718 u·-
1704 1669 1715 1724 ,-

318 1767 321 1768 ⁷
351 1732 502 1784 cydidis
527 1732 644 1781 dicit,
665 1732 1118 1827 reecapoenowzoeagnam
1133 1732 1181 1772 ad
1198 1732 1301 1773 hanc
1324 1732 1623 1785 vocem-potius

351 1787 518 1839 pertinet
532 1786 609 1827 hoc
626 1786 802 1827 scholion
811 1818 826 1834 ,
840 1800 961 1842 quam
1027 1810 1029 1812 -

349 1854 408 1878 vm
431 1840 622 1894 ἐπιχώριοι
642 1840 852 1881 Chiorum:
881 1841 928 1880 ad
955 1853 1058 1894 quae
1083 1840 1223 1880 Portus
1247 1849 1432 1886 annotat,
1453 1837 1620 1879 fortaffis

1039 1785 1159 1840 Χίοις)
1172 1785 1247 1827 effe
1264 1784 1421 1841 ἀρχαῖοι
1439 1784 1622 1837 rofa-ispa*

350 1893 406 1932 ita
438 1893 582 1934 dietum
613 1893 722 1935 fuiffe
749 1894 856 1935 hunc
881 1908 1071 1942 numum,
1088 1894 1198 1948 quod
1217 1893 1309 1935 effet
1332 1891 1619 1948 quadragesima
1684 1904 1686 1906 ·

353 1959 444 2000 pars
483 1949 592 1988 numi
620 1949 787 1989 alicuius
822 1949 938 1989 nobis
968 1949 1105 2003 ignoti.
1145 1948 1250 1988 Huic
1280 1947 1526 1989 coniceturae
1553 1960 1620 1988 ac·
1689 1975 1713 1983 ,⁴

349 1999 566 2055 quiescam,
591 2002 718 2042 donec
742 2002 914 2043 didicero
940 2004 1252 2056 τεσσαρακοστὶς
1277 2001 1352 2043 effe
1376 2002 1618 2056 quadraginta.
1678 2015 1690 2054 f
1714 2019 1716 2022 ·

404 2059 478 2094 ead.
492 2057 516 2094 Ι.
533 2070 548 2095 1
556 2070 594 2105 4.
606 2056 855 2111 Κρατερείοις)
867 2055 928 2096 CI.
943 2055 1146 2110 Καρτεροῖς.
1158 2055 1286 2096 Plinio
1295 2056 1352 2102 V,
1365 2069 1409 2111 3¹
1418 2086 1430 2105 ‚
1440 2054 1618 2096 Carteria

349 2107 690 2162 iuxta-Smyrnam
713 2109 846 2150 insula.
871 2110 974 2151 Vide
997 2109 1202 2163 Scylacem
1223 2123 1273 2164 pa
1294 2141 1310 2172 .·
1333 2111 1393 2164 36.
1414 2110 1559 2149 WAss.

328 2192 335 2195 κ
404 2164 495 2216 Pag.
515 2164 641 2213 1641.
659 2177 691 2218 5.
711 2164 876 2218 Λέκτον)
890 2163 996 2204 Inter
1010 2164 1177 2219 oppida,
1196 2175 1241 2204 ut
1306 2175 1368 2213 as,
1380 2173 1617 2215 promonto-
1671 2172 1679 2195 ἐ
1706 2202 1709 2207 .

348 2216 449 2256 rium
475 2216 657 2264 inseruit,
683 2218 881 2272 Sophiano
917 2218 1060 2259 dietum
1089 2219 1156 2258 Sco
1195 2219 1280 2258 iata.
1317 2215 1544 2258 Aristoteles
1573 2217 1618 2258 &
1676 2253 1683 2262 ,

349 2269 491 2311 strabo
505 2272 592 2312 Idae
605 2273 928 2326 promontorium
945 2283 1104 2314 vocant.
1198 2272 1251 2312 ol.
1268 2270 1451 2312 Nicandri
1470 2270 1575 2311 Idam
1591 2283 1617 2311 a
1672 2294 1675 2298 »
1694 2291 1702 2321 1

349 2325 448 2364 Leno
467 2325 674 2379 distinguit,
691 2326 756 2366 vel
772 2326 864 2366 illud
882 2326 972 2366 Idae
991 2327 1155 2367 alterum
1174 2326 1491 2380 promontorium
1508 2326 1615 2366 circa
1697 2365 1704 2372 ζ

347 2377 516 2419 Zeleiam
536 2379 720 2434 intelligit.
740 2380 842 2420 Vide
861 2381 1025 2421 omnino
1042 2381 1262 2420 Homerum
1285 2379 1324 2418 11.
1345 2377 1394 2432 ξ’,
1414 2377 1511 2429 284,
1530 2379 1616 2420 He·-
1674 2379 1678 2386 ”
1699 2380 1705 2406 ⁷

349 2433 476 2472 rodot.
492 2433 571 2480 IX,
600 2447 698 2488 113,
717 2434 803 2474 Hes
827 2434 978 2480 chium,
1001 2434 1180 2475 strabon.
1205 2446 1243 2487 p.
1267 2432 1368 2486 605,
1389 2431 1420 2472 E
1450 2433 1488 2472 't.
1514 2433 1614 2479 166,

354 2487 781 2582 172'‚Eustath.Yi·977‚
823 2488 947 2529 ivium
963 2486 1373 2542 XXXV11,37,P1uta
1445 2485 1615 2527 AEucull.
1679 2487 1683 2498 ”

349 2553 440 2593 493.
460 2540 564 2582 abest
577 2541 626 2581 ab
681 2554 721 2582 10
741 2555 819 2583 200
834 2541 923 2582 stad.
943 2541 1005 2582 Ibi
1019 2552 1277 2597 purpurarum
1297 2551 1439 2595 genera
1466 2540 1622 2582 maiora-
