1716 3190
373 250 470 294 372
777 229 1248 286 ΣΧΟΛΙΑ

373 331 513 383 σκευὴ)
532 330 797 386 πραγματικὴ
818 333 903 386 ὕλη.
932 334 958 374 l.
989 346 1054 375 12.
1074 330 1202 390 Ὓπάρ
1204 347 1292 386 χειν
1310 330 1400 376 ἀντὶ
1416 334 1498 377 τῶν
1515 333 1650 387 ἔνδον)

371 395 485 433 λείπει
506 389 702 446 ἐνέχυρον.

433 453 533 501 Pag.
558 465 573 491 1
587 465 622 490 1.
643 452 668 490 l.
693 463 727 502 3.
749 448 822 492 Ἐν
839 451 1044 503 σπονδαῖς)
1062 455 1149 497 ταῖς
1170 453 1510 508 τριακοντούτεσιν.
1555 454 1580 493 I.
1605 466 1642 502 5.

365 507 542 561 ’Έλεγον
559 509 720 560 αὐτοῖς)
738 513 819 554 τοῖς
836 510 1040 564 Θηβαίοις.
1071 513 1095 551 I.
1118 526 1153 563 9.
1177 511 1303 553 Φασὶν
1323 511 1496 562 αὐτοὺς)
1520 515 1551 554 οἱ
1568 511 1646 563 Θη-

371 570 482 622 βαῖοι
499 569 586 615 τούς
603 567 835 612 Πλαταιεῖς,
873 571 898 609 l.
928 584 992 610 10.
1014 569 1142 616 Εὐθὺς
1159 571 1429 623 ὑποσχέσθαι)
1448 571 1490 612 τὸ
1514 569 1645 617 εὐθὺς,

375 627 445 669 οὐκ
465 630 517 676 ἔςι
540 632 814 683 παραχρῆμα,
836 625 931 669 ἀλλ’
953 627 997 683 ἐξ
1022 629 1186 678 εὐθείας,
1208 632 1276 672 καί
1297 629 1485 675 ἀσκόπως,
1525 631 1550 670 I.
1574 643 1590 670 1
1604 643 1640 669 1.

365 685 452 729 ’Ήν
466 703 501 729 τι
518 688 779 742 ξυμβαίνωσι)
793 690 1058 740 συμφωνῶσιν.
1076 690 1100 731 l.
1120 703 1135 728 1
1146 702 1183 730 2.
1198 687 1274 731 Ἐκ
1287 691 1383 740 γοῦν
1398 693 1468 742 τῆς
1486 693 1563 742 γῆς
1576 686 1647 729 ἀν-

371 761 392 788 ε
394 748 601 802 χώρησαν)
619 749 694 788 τῶν
706 743 956 801 Πλαταιέων.
976 749 1002 789 l.
1020 760 1085 797 13.
1101 747 1229 789 Οὐδὲν
1240 747 1523 800 ἀδικήσαντες)
1538 746 1647 802 βλά-

374 807 524 859 ψαντες
537 810 616 847 τῶν
627 803 882 848 Πλαταιέων.
909 807 933 847 I.
955 820 1019 855 14.
1039 805 1366 860 Εἱσεκομίσαντο)
1386 808 1646 851 συνέκλεισαν.

432 867 533 916 Pag.
552 879 568 905 1
579 878 616 907 2.
630 867 659 908 l.
674 878 711 908 2.
729 863 837 920 Πρὸς
853 864 891 907 ὃν
906 868 1079 921 ἔπραξαν
1096 868 1128 907 οἱ
1144 866 1400 920 προδιδόντες)
1414 867 1505 922 πρὸς
1520 869 1561 910 ὃν
1579 866 1647 908 ἐλ-

373 921 502 970 θόντες
517 926 551 966 οἱ
564 924 802 979 προδιδόντες
817 926 994 979 ἔπραξαν
1011 925 1066 966 τα
1085 925 1194 967 κατά
1212 927 1360 968 σκοπόν.
1385 928 1411 966 l.
1433 940 1470 976 4.
1482 925 1648 978 ’Ἀγγε-

372 990 440 1026 λον
457 986 652 1036 ἔπεμπον)
673 985 731 1026 ὅτι
751 983 962 1034 ἐφόνευσαν
984 984 1198 1039 Θηβαίους.
1222 985 1330 1037 λέγει
1346 985 1388 1026 δὲ
1409 989 1532 1040 τρίτον
1552 988 1645 1028 τοῦ·

372 1058 451 1085 τον.
474 1044 541 1086 τὸν
565 1043 644 1096 γάς
667 1046 814 1098 πρῶτον
836 1043 1044 1090 ἀπέςειλαν
1065 1044 1262 1094 δηλοῦντα
1281 1044 1351 1095 τὴν
1367 1045 1548 1098 ,εἰσβολὴν
1561 1045 1646 1097 Θη-

372 1102 511 1156 βαίων·
529 1103 598 1144 τὸν
614 1103 656 1144 δὲ
672 1102 862 1158 δεύτερον,
878 1103 950 1154 την
970 1104 1164 1156 σύλληψιν
1183 1102 1324 1145 αὐτῶν·
1342 1107 1479 1146 τοῦτον
1499 1103 1562 1153 δὲ,
1577 1105 1643 1156 δη·

371 1166 520 1205 λοῦντα
540 1162 611 1213 την
629 1161 832 1217 ἀναίρεσιν.
861 1163 886 1203 I.
906 1167 942 1205 6.
958 1161 1028 1203 Τοέ
1042 1177 1084 1204 τε
1101 1160 1141 1203 ἒν
1157 1164 1206 1215 τῇ
1222 1163 1346 1213 πόλει)
1365 1165 1415 1215 τῇ
1430 1161 1645 1216 Πλαταίᾳ.

371 1223 459 1264 ead.
473 1221 723 1272 Καθίςαντο)
739 1221 907 1269 τουτέςι,
923 1221 1008 1277 πρὸς
1023 1225 1241 1278 πολιορκίαν
1259 1222 1539 1277 ηὐτρεπίζοντο,
1552 1225 1648 1277 ᾠκο-

370 1283 527 1334 νόμουν,
543 1283 633 1334 ἥπερ
649 1282 716 1323 καὶ
730 1280 886 1332 ἐγένετο
903 1280 988 1332 μετ’
1006 1280 1152 1332 ὀλίγον.
1193 1283 1216 1321 l.
1236 1296 1272 1333 9.
1289 1280 1361 1323 Ἐν
1375 1284 1426 1335 τῇ
1445 1280 1643 1335 Ἀττικῇ)

369 1344 428 1394 γῇ
451 1341 635 1394 δηλονότι.
683 1341 708 1382 l.
739 1353 803 1391 13.
832 1339 931 1396 Περὶ
952 1339 1112 1390 αὐτῶν)
1139 1344 1216 1382 τῶν
1233 1340 1558 1393 κατασχεθέντων
1575 1342 1644 1395 δη·

369 1401 509 1443 λονότι.
558 1401 645 1441 ead.
674 1399 735 1442 Οὐ
757 1399 837 1453 γάς
858 1398 1035 1451 ἠγγέλθη
1057 1399 1217 1451 αὐτοῖς)
1239 1405 1321 1444 τοῖς
1339 1399 1560 1453 Ἀθηναίοις
1579 1401 1643 1454 δη-

368 1461 507 1502 λονότι.
523 1461 624 1502 οὔπω
644 1458 689 1512 ἦν
707 1460 726 1501 ὁ
743 1463 868 1512 τρίτος
885 1460 1066 1510 ἄγγελος
1085 1458 1214 1501 ἐλθών.

428 1521 529 1568 Pag.
559 1531 623 1570 13.
649 1520 674 1558 l.
699 1533 734 1558 1.
758 1517 948 1560 Καί-τῶν
967 1519 1093 1572 ὕςερον
1110 1517 1219 1561 οὐδὲν
1237 1519 1397 1573 ᾔδεσαν)
1416 1519 1532 1562 τοῦτο
1552 1517 1643 1561 καθ’

369 1577 488 1620 ἑαυτὸ
502 1576 881 1630 ἀναγιγνωσκέσθω.
899 1576 967 1619 ἔοὶν
984 1577 1065 1631 yde
1086 1581 1167 1623 τοῖς
1185 1576 1364 1634 ἀνωτέρω
1382 1577 1642 1632 ἐπισυναφθῇ,

369 1638 480 1680 δοκεῖ
483 1637 732 1680 ἀσύντακτον
750 1635 855 1678 εἶναι.
870 1639 1010 1690 ὤφειλε
1028 1635 1107 1690 γάς
1128 1638 1236 1678 εἰπεῖν
1247 1638 1496 1686 αἱτιατικῶς,
1507 1640 1538 1680 εί
1551 1641 1645 1696 πρὸς

368 1698 441 1740 τὸν
455 1698 635 1749 ἄγγελον
652 1697 718 1739 τὸν
732 1697 853 1748 λόγον
868 1695 1034 1739 ἐποιεῖτο.
1049 1697 1139 1751 πρὸς
1156 1695 1174 1738 ὃ
1191 1696 1362 1750 λέγομεν
1377 1697 1432 1739 ὅτι
1447 1697 1536 1753 πρὸς
1550 1698 1642 1743 τοὺς
1706 1697 1716 1717 ³‘

367 1754 603 1808 Ἀθηναίους
619 1754 692 1803 ἐςίν
711 1756 728 1797 ὁ
753 1756 888 1806 λόγος.
903 1758 1001 1812 φησι
1022 1756 1101 1809 γάρ
1119 1757 1177 1798 ὅτι
1201 1755 1314 1798 αὐτοὶ
1335 1758 1531 1804 ςείλαντες
1553 1757 1643 1807 τοῦς
1702 1776 1704 1780 ’

369 1816 439 1872 πρὸ
455 1818 594 1858 τούτου
608 1815 671 1858 δύο
691 1813 915 1866 ἀγγέλους,
934 1813 1040 1856 οὐδὲν
1056 1815 1110 1857 ἔτι
1132 1817 1208 1857 τῶν
1231 1815 1537 1870 συμβησομένων
1551 1816 1644 1869 ἠπί-

367 1891 497 1923 ςαντο.
515 1874 638 1931 μέχρι
656 1872 718 1917 οὖν
735 1874 882 1917 παντὸς
897 1877 969 1916 τοῦ
983 1876 1095 1930 ἔργου
1112 1873 1337 1928 ἀποβάντος
1352 1875 1500 1917 καὶτὸν
1512 1881 1641 1932 τρίτον

366 1934 584 1982 ἀπέςειλαν.
614 1936 638 1976 l.
654 1947 693 1975 2.
714 1932 762 1977 ‘O
777 1934 817 1975 δὲ
833 1934 977 1992 κῆρυξ)
994 1938 1073 1976 τῶν
1085 1931 1316 1985 Ἀθηναίων.
1341 1935 1366 1974 I.
1387 1949 1426 1984 4.
1444 1932 1643 1991 Στρατεύ-
1700 1942 1703 1946 “

367 1996 533 2045 σαντες)
561 1993 606 2036 τὸ
630 1996 910 2048 ςρατεύσαντες
937 1992 1036 2037 ἰδίως
1060 1996 1124 2034 νῦν
1144 1997 1305 2048 εἴρηται,
1329 1991 1421 2036 ἀντὶ
1441 1995 1512 2036 τοῦ
1534 1994 1640 2046 μετὰ

366 2055 530 2109 ςρατιᾶς
546 2051 784 2106 ἀφικόμενοι.
802 2052 846 2094 οὐ
864 2051 962 2106 γάς,
985 2054 1037 2095 ὡς
1058 2052 1159 2101 ἔθος,
1174 2052 1234 2096 ἐπὶ
1249 2052 1434 2106 πολέμου.
1446 2055 1506 2104 τῷ
1523 2052 1638 2107 αὐτῷ
1696 2090 1698 2092 .

366 2113 407 2155 δὲ
432 2114 556 2167 τρόπῳ
579 2115 772 2168 χρώμενοι
795 2115 830 2154 οἰ
852 2110 1049 2163 Ἀθηναῖοι
1075 2111 1299 2165 ἠμείψαντο
1327 2112 1396 2155 καὶ
1415 2111 1528 2155 αὐτοὶ
1547 2114 1639 2159 τοῦς
1694 2113 1714 2161 f

365 2170 624 2220 Πλαταιέας,
641 2174 708 2214 καὶ
733 2171 918 2224 ἔπεμψαν
941 2171 996 2213 τοέ
1016 2186 1060 2214 τε
1083 2171 1174 2226 πρὸς
1199 2172 1343 2227 τροφὴν
1361 2173 1638 2221 συντελοῦντα,
1690 2211 1691 2214 ,

365 2234 437 2275 καί
449 2232 494 2283 δὴ
511 2234 581 2274 καὶ
593 2231 648 2274 τοὶ
661 2230 751 2286 πρὸς
765 2229 1006 2282 ἀσφάλειαν,
1021 2232 1091 2272 καί
1104 2229 1339 2287 ὑπεδέξαντο
1350 2229 1428 2277 τας
1441 2235 1639 2281 γυναῖκας
1692 2279 1693 2282 ¹

363 2292 503 2335 αὐτῶν
521 2292 590 2333 καί
603 2291 693 2336 τοὺς
711 2290 875 2338 παῖδας,
895 2289 1007 2342 μετα
1027 2292 1102 2332 τῶν
1122 2289 1399 2346 ἀχρειοτάτων
1417 2287 1635 2344 ἀνθρώπων.
1684 2315 1690 2326 -‹

364 2353 463 2406 φησί
487 2350 525 2394 δὲ
548 2354 738 2396 τοιούτους
755 2350 846 2394 τούς
867 2350 924 2402 μὴ
948 2348 1186 2402 δυναμένους
1205 2349 1374 2400 δηλονότι
1399 2347 1563 2404 ἐξελθεῖν
1582 2350 1638 2396 εἰς
1684 2395 1689 2403 ,

363 2412 541 2464 πόλεμον.
559 2408 633 2454 οἷον
649 2408 740 2454 τοὺς
757 2412 983 2455 νοσοῦντας,
999 2409 1091 2452 τούς
1107 2408 1304 2464 γέροντας.
1333 2409 1359 2448 l.
1383 2421 1418 2455 ς.
1437 2406 1639 2459 Ἐγκατέ-
1696 2441 1699 2442 ⁷

362 2472 484 2521 λιπον)
495 2468 583 2511 ἀντὶ
595 2470 682 2515 τοῦ,
696 2467 734 2510 ἒν
749 2470 799 2521 τῇ
814 2466 1013 2520 Πλαταίᾳ
1030 2469 1251 2510 κατέλιπον.
1269 2468 1294 2509 I.
1309 2471 1346 2508 6.
1361 2466 1466 2511 Τοὺς
1480 2464 1638 2522 ἀχρειο-

362 2529 529 2581 τοὶτους)
556 2529 647 2573 τοὺς
661 2527 862 2584 ἀχρηςους
880 2530 971 2585 πρὸς
993 2528 1174 2580 πόλεμον.
1203 2527 1227 2568 l.
1250 2533 1286 2572 8.
1309 2524 1540 2582 Λαμπρῶς)
1553 2537 1637 2584 φα-
1684 2530 1698 2542 ²
