<?xml version="1.0" encoding="UTF-8"?>
<!DOCTYPE html PUBLIC "-//W3C//DTD XHTML 1.0 Transitional//EN"
    "http://www.w3.org/TR/xhtml1/DTD/xhtml1-transitional.dtd">
<html xmlns="http://www.w3.org/1999/xhtml" xml:lang="en" lang="en">
 <head>
  <title>
</title>
<meta http-equiv="Content-Type" content="text/html;charset=utf-8" />
  <meta name='ocr-system' content='tesseract 3.04.00' />
  <meta name='ocr-capabilities' content='ocr_page ocr_carea ocr_par ocr_line ocrx_word'/>
</head>
<body>
  <div class='ocr_page' id='page_1' title='image "./debellopeloponn05thucuoft_0158.png"; bbox 0 0 1716 3190; ppageno 0'>
   <div class='ocr_carea' id='block_1_1' title="bbox 340 250 1319 315">
    <p class='ocr_par' dir='ltr' id='par_1_1' title="bbox 340 250 1319 315">
     <span class='ocr_line' id='line_1_1' title="bbox 340 250 1319 315; baseline -0.003 -12"><span class='ocrx_word' id='word_1_1' title='bbox 340 254 434 315; x_wconf 80' lang='lat'><strong>‘148</strong></span> <span class='ocrx_word' id='word_1_2' title='bbox 630 250 1319 300; x_wconf 79' lang='lat' dir='ltr'>THUCYDIDIS</span> 
     </span>
    </p>
   </div>
   <div class='ocr_carea' id='block_1_2' title="bbox 338 343 1612 1247">
    <p class='ocr_par' dir='ltr' id='par_1_2' title="bbox 338 343 1612 1247">
     <span class='ocr_line' id='line_1_2' title="bbox 339 343 1611 444; baseline 0.002 -42"><span class='ocrx_word' id='word_1_3' title='bbox 339 374 434 442; x_wconf 82' lang='grc' dir='ltr'>μως</span> <span class='ocrx_word' id='word_1_4' title='bbox 450 346 640 420; x_wconf 69' lang='grc' dir='ltr'><em>ἒμποὸων</em></span> <span class='ocrx_word' id='word_1_5' title='bbox 659 371 704 402; x_wconf 91' lang='grc' dir='ltr'>τε</span> <span class='ocrx_word' id='word_1_6' title='bbox 722 348 918 407; x_wconf 76' lang='grc' dir='ltr'><em>ἑκοίστοις</em></span> <span class='ocrx_word' id='word_1_7' title='bbox 937 346 1207 419; x_wconf 70' lang='grc' dir='ltr'><em>γιγνομένου,</em></span> <span class='ocrx_word' id='word_1_8' title='bbox 1226 373 1304 402; x_wconf 89' lang='grc' dir='ltr'>και</span> <span class='ocrx_word' id='word_1_9' title='bbox 1327 343 1611 444; x_wconf 74' lang='grc' dir='ltr'><em>ἒπιβοωμενου</em></span> 
     </span>
     <span class='ocr_line' id='line_1_3' title="bbox 340 424 1609 518; baseline 0.002 -40"><span class='ocrx_word' id='word_1_10' title='bbox 340 451 426 498; x_wconf 86' lang='grc' dir='ltr'>μη,</span> <span class='ocrx_word' id='word_1_11' title='bbox 454 424 776 518; x_wconf 68' lang='grc' dir='ltr'><em>ὲφεδρευοντων’</em></span> <span class='ocrx_word' id='word_1_12' title='bbox 765 446 906 490; x_wconf 81' lang='grc' dir='ltr'><em>εγγυς</em></span> <span class='ocrx_word' id='word_1_13' title='bbox 929 450 1010 478; x_wconf 87' lang='grc' dir='ltr'>των</span> <span class='ocrx_word' id='word_1_14' title='bbox 1030 432 1270 497; x_wconf 82' lang='grc' dir='ltr'><em>πολεμίων,</em></span> <span class='ocrx_word' id='word_1_15' title='bbox 1299 424 1521 479; x_wconf 69' lang='grc' dir='ltr'><em>ἀπολεσαι</em></span> <span class='ocrx_word' id='word_1_16' title='bbox 1539 449 1609 489; x_wconf 77' lang='grc' dir='ltr'>την</span> 
     </span>
     <span class='ocr_line' id='line_1_4' title="bbox 338 499 1611 600; baseline 0.001 -45"><span class='ocrx_word' id='word_1_17' title='bbox 338 502 593 597; x_wconf 69' lang='grc' dir='ltr'><em>πατρίδα,</em></span> <span class='ocrx_word' id='word_1_18' title='bbox 572 499 806 565; x_wconf 75' lang='grc' dir='ltr'><em>ησύχασαν</em></span> <span class='ocrx_word' id='word_1_19' title='bbox 832 523 877 552; x_wconf 83' lang='grc' dir='ltr'>τε</span> <span class='ocrx_word' id='word_1_20' title='bbox 890 538 903 556; x_wconf 90' lang='grc'><em>,</em></span> <span class='ocrx_word' id='word_1_21' title='bbox 933 525 1011 553; x_wconf 90' lang='grc' dir='ltr'>και</span> <span class='ocrx_word' id='word_1_22' title='bbox 1037 501 1162 570; x_wconf 64' lang='grc' dir='ltr'><em>σφων</em></span> <span class='ocrx_word' id='word_1_23' title='bbox 1190 501 1324 555; x_wconf 85' lang='grc' dir='ltr'><em>αὐτων</em></span> <span class='ocrx_word' id='word_1_24' title='bbox 1349 499 1611 600; x_wconf 69' lang='grc' dir='ltr'><em>ἀπέσχοντο.</em></span> 
     </span>
     <span class='ocr_line' id='line_1_5' title="bbox 339 570 1612 670; baseline 0.001 -40"><span class='ocrx_word' id='word_1_25' title='bbox 339 601 417 630; x_wconf 88' lang='grc' dir='ltr'>και</span> <span class='ocrx_word' id='word_1_26' title='bbox 438 582 456 629; x_wconf 99' lang='lat'>6</span> <span class='ocrx_word' id='word_1_27' title='bbox 476 598 551 649; x_wconf 83' lang='grc' dir='ltr'>μεν</span> <span class='ocrx_word' id='word_1_28' title='bbox 572 574 842 670; x_wconf 69' lang='grc' dir='ltr'><em>Θηραμένης,</em></span> <span class='ocrx_word' id='word_1_29' title='bbox 867 570 1024 629; x_wconf 76' lang='grc' dir='ltr'><em>ὲλθων’</em></span> <span class='ocrx_word' id='word_1_30' title='bbox 1013 599 1053 635; x_wconf 87' lang='grc' dir='ltr'>ες</span> <span class='ocrx_word' id='word_1_31' title='bbox 1070 601 1134 630; x_wconf 91' lang='grc' dir='ltr'>τον</span> <span class='ocrx_word' id='word_1_32' title='bbox 1147 574 1347 667; x_wconf 88' lang='grc' dir='ltr'><em>Πειραια</em></span> <span class='ocrx_word' id='word_1_33' title='bbox 1369 572 1432 652; x_wconf 67' lang='grc' dir='ltr'>ζ’</span> <span class='ocrx_word' id='word_1_34' title='bbox 1407 602 1450 639; x_wconf 89' lang='grc' dir='ltr'>ην</span> <span class='ocrx_word' id='word_1_35' title='bbox 1467 572 1513 631; x_wconf 69' lang='grc' dir='ltr'>δε</span> <span class='ocrx_word' id='word_1_36' title='bbox 1530 603 1612 632; x_wconf 79' lang='grc' dir='ltr'>και</span> 
     </span>
     <span class='ocr_line' id='line_1_6' title="bbox 339 646 1608 741; baseline 0.002 -36"><span class='ocrx_word' id='word_1_37' title='bbox 339 650 466 712; x_wconf 76' lang='grc' dir='ltr'><em>αὐτος</em></span> <span class='ocrx_word' id='word_1_38' title='bbox 484 646 814 741; x_wconf 74' lang='grc' dir='ltr'><em>στρατηγος&gt;“’</em></span> <span class='ocrx_word' id='word_1_39' title='bbox 789 675 879 704; x_wconf 89' lang='grc' dir='ltr'><em>οσον</em></span> <span class='ocrx_word' id='word_1_40' title='bbox 904 647 996 713; x_wconf 77' lang='grc' dir='ltr'>ἀπο</span> <span class='ocrx_word' id='word_1_41' title='bbox 1015 649 1159 715; x_wconf 77' lang='grc' dir='ltr'><em>βοης</em></span> <span class='ocrx_word' id='word_1_42' title='bbox 1141 675 1283 710; x_wconf 85' lang='grc' dir='ltr'><em>ενεκα,</em></span> <span class='ocrx_word' id='word_1_43' title='bbox 1312 657 1506 727; x_wconf 73' lang='grc' dir='ltr'><em>ὠργίζετο</em></span> <span class='ocrx_word' id='word_1_44' title='bbox 1525 657 1608 714; x_wconf 75' lang='grc' dir='ltr'>τοῖς</span> 
     </span>
     <span class='ocr_line' id='line_1_7' title="bbox 338 722 1610 818; baseline 0.001 -36"><span class='ocrx_word' id='word_1_45' title='bbox 338 734 555 787; x_wconf 77' lang='grc' dir='ltr'><em>ὁπλίταις.</em></span> <span class='ocrx_word' id='word_1_46' title='bbox 583 733 604 780; x_wconf 92' lang='lat'>6</span> <span class='ocrx_word' id='word_1_47' title='bbox 632 722 678 780; x_wconf 56' lang='lat' dir='ltr'>Be</span> <span class='ocrx_word' id='word_1_48' title='bbox 694 729 972 818; x_wconf 70' lang='grc' dir='ltr'>Ἀρίσταρχος</span> <span class='ocrx_word' id='word_1_49' title='bbox 999 752 1077 781; x_wconf 92' lang='grc' dir='ltr'>και</span> <span class='ocrx_word' id='word_1_50' title='bbox 1107 735 1141 781; x_wconf 82' lang='grc' dir='ltr'>οἱ</span> <span class='ocrx_word' id='word_1_51' title='bbox 1169 732 1332 783; x_wconf 73' lang='grc' dir='ltr'><em>ἐναντίοι</em></span> <span class='ocrx_word' id='word_1_52' title='bbox 1357 731 1420 803; x_wconf 67' lang='grc' dir='ltr'>τῷ</span> <span class='ocrx_word' id='word_1_53' title='bbox 1452 730 1610 792; x_wconf 83' lang='grc' dir='ltr'><em>πληθει</em></span> 
     </span>
     <span class='ocr_line' id='line_1_8' title="bbox 339 796 1611 901; baseline 0.001 -43"><span class='ocrx_word' id='word_1_54' title='bbox 339 801 643 869; x_wconf 72' lang='grc' dir='ltr'><em>ἓχαλέπαινον.</em></span> <span class='ocrx_word' id='word_1_55' title='bbox 673 810 707 856; x_wconf 82' lang='grc' dir='ltr'>οἱ</span> <span class='ocrx_word' id='word_1_56' title='bbox 732 796 779 855; x_wconf 66' lang='grc' dir='ltr'>δε</span> <span class='ocrx_word' id='word_1_57' title='bbox 806 806 1001 856; x_wconf 80' lang='grc' dir='ltr'><em>ὁπλιται</em></span> <span class='ocrx_word' id='word_1_58' title='bbox 1014 803 1142 876; x_wconf 81' lang='grc' dir='ltr'><em>ὁμοσε</em></span> <span class='ocrx_word' id='word_1_59' title='bbox 1161 827 1206 858; x_wconf 86' lang='grc' dir='ltr'>τε</span> <span class='ocrx_word' id='word_1_60' title='bbox 1226 805 1398 901; x_wconf 80' lang='grc' dir='ltr'><em>ἒχωρουν</em></span> <span class='ocrx_word' id='word_1_61' title='bbox 1423 829 1457 858; x_wconf 89' lang='grc' dir='ltr'>οι</span> <span class='ocrx_word' id='word_1_62' title='bbox 1476 809 1611 859; x_wconf 84' lang='grc' dir='ltr'><em>πλει-</em></span> 
     </span>
     <span class='ocr_line' id='line_1_9' title="bbox 338 877 1609 976; baseline 0.002 -42"><span class='ocrx_word' id='word_1_63' title='bbox 338 906 430 934; x_wconf 81' lang='grc' dir='ltr'><em>στοι</em></span> <span class='ocrx_word' id='word_1_64' title='bbox 449 882 511 954; x_wconf 70' lang='grc' dir='ltr'>τῷ</span> <span class='ocrx_word' id='word_1_65' title='bbox 530 878 666 976; x_wconf 65' lang='grc' dir='ltr'><em>ἔργῳ,</em></span> <span class='ocrx_word' id='word_1_66' title='bbox 686 903 764 932; x_wconf 91' lang='grc' dir='ltr'>και</span> <span class='ocrx_word' id='word_1_67' title='bbox 792 883 837 932; x_wconf 81' lang='grc' dir='ltr'>οὐ</span> <span class='ocrx_word' id='word_1_68' title='bbox 859 877 1150 952; x_wconf 66' lang='grc' dir='ltr'><em>μετεμέλοντο</em></span> <span class='ocrx_word' id='word_1_69' title='bbox 1178 905 1255 933; x_wconf 85' lang='grc' dir='ltr'>και</span> <span class='ocrx_word' id='word_1_70' title='bbox 1272 905 1337 935; x_wconf 86' lang='grc' dir='ltr'>τον</span> <span class='ocrx_word' id='word_1_71' title='bbox 1360 879 1609 954; x_wconf 65' lang='grc' dir='ltr'><em>Θηραμένην</em></span> 
     </span>
     <span class='ocr_line' id='line_1_10' title="bbox 339 953 1609 1030; baseline 0 -20"><span class='ocrx_word' id='word_1_72' title='bbox 339 982 497 1030; x_wconf 85' lang='grc' dir='ltr'><em>ηρωτων</em></span> <span class='ocrx_word' id='word_1_73' title='bbox 526 965 559 1009; x_wconf 81' lang='grc' dir='ltr'>εὶ</span> <span class='ocrx_word' id='word_1_74' title='bbox 582 955 695 1009; x_wconf 63' lang='grc' dir='ltr'><em>ὃοκει</em></span> <span class='ocrx_word' id='word_1_75' title='bbox 714 956 836 1009; x_wconf 83' lang='grc' dir='ltr'><em>αὐτω</em></span> <span class='ocrx_word' id='word_1_76' title='bbox 864 958 932 1007; x_wconf 73' lang='grc' dir='ltr'>ἐπ’</span> <span class='ocrx_word' id='word_1_77' title='bbox 959 953 1187 1029; x_wconf 73' lang='grc' dir='ltr'><em>αγαθῷ</em></span> <span class='ocrx_word' id='word_1_78' title='bbox 1146 981 1191 1008; x_wconf 91' lang='grc' dir='ltr'>το</span> <span class='ocrx_word' id='word_1_79' title='bbox 1217 960 1358 1022; x_wconf 75' lang='grc' dir='ltr'><em>τεῖχος</em></span> <span class='ocrx_word' id='word_1_80' title='bbox 1383 959 1609 1030; x_wconf 69' lang='grc' dir='ltr'><em>οἷκοὸομει-</em></span> 
     </span>
     <span class='ocr_line' id='line_1_11' title="bbox 338 1028 1608 1128; baseline 0 -42"><span class='ocrx_word' id='word_1_81' title='bbox 338 1034 484 1090; x_wconf 63' lang='grc' dir='ltr'><em>σθαι,</em></span> <span class='ocrx_word' id='word_1_82' title='bbox 511 1056 589 1085; x_wconf 88' lang='grc' dir='ltr'>και</span> <span class='ocrx_word' id='word_1_83' title='bbox 618 1041 650 1085; x_wconf 79' lang='grc' dir='ltr'>εἰ</span> <span class='ocrx_word' id='word_1_84' title='bbox 679 1030 844 1103; x_wconf 69' lang='grc' dir='ltr'><em>ἄμεινον</em></span> <span class='ocrx_word' id='word_1_85' title='bbox 869 1031 968 1085; x_wconf 83' lang='grc' dir='ltr'><em>εἶναι</em></span> <span class='ocrx_word' id='word_1_86' title='bbox 972 1030 1241 1128; x_wconf 79' lang='grc' dir='ltr'><em>καθαιρεθέν.</em></span> <span class='ocrx_word' id='word_1_87' title='bbox 1269 1038 1288 1084; x_wconf 92' lang='lat'>6</span> <span class='ocrx_word' id='word_1_88' title='bbox 1308 1028 1375 1090; x_wconf 62' lang='grc' dir='ltr'>δε,</span> <span class='ocrx_word' id='word_1_89' title='bbox 1397 1037 1509 1103; x_wconf 80' lang='grc' dir='ltr'><em>εἴπερ</em></span> <span class='ocrx_word' id='word_1_90' title='bbox 1528 1057 1608 1086; x_wconf 83' lang='grc' dir='ltr'>και</span> 
     </span>
     <span class='ocr_line' id='line_1_12' title="bbox 340 1106 1606 1182; baseline -0.001 -19"><span class='ocrx_word' id='word_1_91' title='bbox 340 1112 501 1168; x_wconf 71' lang='grc' dir='ltr'><em>ἐκείνοις</em></span> <span class='ocrx_word' id='word_1_92' title='bbox 527 1109 643 1161; x_wconf 66' lang='grc' dir='ltr'><em>ὃοκει</em></span> <span class='ocrx_word' id='word_1_93' title='bbox 662 1111 895 1182; x_wconf 81' lang='grc' dir='ltr'><em>καθαιρειν,</em></span> <span class='ocrx_word' id='word_1_94' title='bbox 916 1131 994 1160; x_wconf 89' lang='grc' dir='ltr'>και</span> <span class='ocrx_word' id='word_1_95' title='bbox 1021 1109 1157 1181; x_wconf 79' lang='grc' dir='ltr'><em>ἑαυτῷ</em></span> <span class='ocrx_word' id='word_1_96' title='bbox 1181 1106 1267 1173; x_wconf 73' lang='grc' dir='ltr'>εφη</span> <span class='ocrx_word' id='word_1_97' title='bbox 1291 1110 1499 1172; x_wconf 65' lang='grc' dir='ltr'><em>ξυνδοκεῗν.</em></span> <span class='ocrx_word' id='word_1_98' title='bbox 1526 1133 1606 1162; x_wconf 81' lang='grc' dir='ltr'>και</span> 
     </span>
     <span class='ocr_line' id='line_1_13' title="bbox 340 1183 1607 1247; baseline 0.002 -9"><span class='ocrx_word' id='word_1_99' title='bbox 340 1186 512 1239; x_wconf 81' lang='grc' dir='ltr'><em>ἒντεῧθεν</em></span> <span class='ocrx_word' id='word_1_100' title='bbox 533 1183 644 1243; x_wconf 79' lang='grc' dir='ltr'><em>εὐθυς</em></span> <span class='ocrx_word' id='word_1_101' title='bbox 665 1184 907 1247; x_wconf 72' lang='grc' dir='ltr'><em>ἀναβαντες</em></span> <span class='ocrx_word' id='word_1_102' title='bbox 927 1209 961 1237; x_wconf 94' lang='grc' dir='ltr'>οι</span> <span class='ocrx_word' id='word_1_103' title='bbox 976 1207 1022 1237; x_wconf 88' lang='grc' dir='ltr'>τε</span> <span class='ocrx_word' id='word_1_104' title='bbox 1041 1188 1222 1237; x_wconf 82' lang='grc' dir='ltr'><em>ὁπλιται</em></span> <span class='ocrx_word' id='word_1_105' title='bbox 1243 1208 1321 1238; x_wconf 86' lang='grc' dir='ltr'>και</span> <span class='ocrx_word' id='word_1_106' title='bbox 1343 1185 1505 1238; x_wconf 81' lang='grc' dir='ltr'><em>πολλοι</em></span> <span class='ocrx_word' id='word_1_107' title='bbox 1526 1209 1607 1240; x_wconf 78' lang='grc' dir='ltr'>των</span> 
     </span>
    </p>
   </div>
   <div class='ocr_carea' id='block_1_3' title="bbox 337 1258 1605 1336">
    <p class='ocr_par' dir='ltr' id='par_1_3' title="bbox 337 1258 1605 1336">
     <span class='ocr_line' id='line_1_14' title="bbox 337 1258 1605 1336; baseline 0.001 -21"><span class='ocrx_word' id='word_1_108' title='bbox 337 1264 387 1315; x_wconf 74' lang='grc' dir='ltr'>ἐκ</span> <span class='ocrx_word' id='word_1_109' title='bbox 404 1262 475 1314; x_wconf 70' lang='grc' dir='ltr'>τοῦ</span> <span class='ocrx_word' id='word_1_110' title='bbox 491 1260 707 1336; x_wconf 66' lang='grc' dir='ltr'><em>Πειραιῶς</em></span> <span class='ocrx_word' id='word_1_111' title='bbox 725 1260 965 1335; x_wconf 69' lang='grc' dir='ltr'><em>ἀνθρώπων,</em></span> <span class='ocrx_word' id='word_1_112' title='bbox 988 1258 1296 1316; x_wconf 68' lang='grc' dir='ltr'><em>κατέσκαπτον</em></span> <span class='ocrx_word' id='word_1_113' title='bbox 1315 1258 1360 1314; x_wconf 67' lang='grc' dir='ltr'>τὶ</span> <span class='ocrx_word' id='word_1_114' title='bbox 1374 1268 1605 1333; x_wconf 83' lang='grc' dir='ltr'><em>τείχισμα.</em></span> 
     </span>
    </p>
   </div>
   <div class='ocr_carea' id='block_1_4' title="bbox 324 1415 1666 2596">
    <p class='ocr_par' dir='ltr' id='par_1_4' title="bbox 324 1415 1666 2596">
     <span class='ocr_line' id='line_1_15' title="bbox 334 1415 1606 1472; baseline 0 -13"><span class='ocrx_word' id='word_1_115' title='bbox 334 1430 429 1460; x_wconf 88' lang='lat' dir='ltr'>tunc</span> <span class='ocrx_word' id='word_1_116' title='bbox 452 1417 608 1467; x_wconf 85' lang='lat' dir='ltr'>aderat,</span> <span class='ocrx_word' id='word_1_117' title='bbox 636 1416 680 1457; x_wconf 89' lang='lat'>&amp;</span> <span class='ocrx_word' id='word_1_118' title='bbox 699 1415 873 1457; x_wconf 88' lang='lat' dir='ltr'>officiose</span> <span class='ocrx_word' id='word_1_119' title='bbox 893 1415 1064 1470; x_wconf 79' lang='lat' dir='ltr'>fingulos</span> <span class='ocrx_word' id='word_1_120' title='bbox 1090 1417 1320 1472; x_wconf 90' lang='lat' dir='ltr'>impediret,</span> <span class='ocrx_word' id='word_1_121' title='bbox 1351 1416 1393 1458; x_wconf 88' lang='lat'>&amp;</span> <span class='ocrx_word' id='word_1_122' title='bbox 1415 1417 1606 1460; x_wconf 84' lang='lat' dir='ltr'>exclama-</span> 
     </span>
     <span class='ocr_line' id='line_1_16' title="bbox 334 1484 1605 1542; baseline 0.001 -14"><span class='ocrx_word' id='word_1_123' title='bbox 334 1498 417 1535; x_wconf 88' lang='lat' dir='ltr'>ret,</span> <span class='ocrx_word' id='word_1_124' title='bbox 450 1499 500 1527; x_wconf 90' lang='lat' dir='ltr'>ne</span> <span class='ocrx_word' id='word_1_125' title='bbox 527 1484 703 1527; x_wconf 85' lang='lat' dir='ltr'>hostibus</span> <span class='ocrx_word' id='word_1_126' title='bbox 734 1497 860 1540; x_wconf 86' lang='lat' dir='ltr'>prope</span> <span class='ocrx_word' id='word_1_127' title='bbox 887 1485 1164 1537; x_wconf 59' lang='lat' dir='ltr'>infidiantibus</span> <span class='ocrx_word' id='word_1_128' title='bbox 1182 1488 1346 1541; x_wconf 88' lang='lat' dir='ltr'>patriam</span> <span class='ocrx_word' id='word_1_129' title='bbox 1374 1488 1575 1542; x_wconf 84' lang='lat' dir='ltr'><strong>perderent</strong></span> <span class='ocrx_word' id='word_1_130' title='bbox 1590 1519 1605 1539; x_wconf 90' lang='lat'>,</span> 
     </span>
     <span class='ocr_line' id='line_1_17' title="bbox 332 1554 1606 1612; baseline 0 -14"><span class='ocrx_word' id='word_1_131' title='bbox 332 1557 589 1612; x_wconf 88' lang='lat' dir='ltr'>quieverunt,</span> <span class='ocrx_word' id='word_1_132' title='bbox 611 1555 653 1596; x_wconf 85' lang='lat'>&amp;</span> <span class='ocrx_word' id='word_1_133' title='bbox 676 1569 699 1595; x_wconf 93' lang='lat' dir='ltr'>a</span> <span class='ocrx_word' id='word_1_134' title='bbox 721 1554 896 1595; x_wconf 88' lang='lat' dir='ltr'>manibus</span> <span class='ocrx_word' id='word_1_135' title='bbox 921 1566 1063 1597; x_wconf 91' lang='lat' dir='ltr'>mutuo</span> <span class='ocrx_word' id='word_1_136' title='bbox 1084 1556 1155 1597; x_wconf 82' lang='lat' dir='ltr'>fibi</span> <span class='ocrx_word' id='word_1_137' title='bbox 1179 1555 1385 1598; x_wconf 86' lang='lat' dir='ltr'>afferendis</span> <span class='ocrx_word' id='word_1_138' title='bbox 1413 1557 1606 1598; x_wconf 87' lang='lat' dir='ltr'>abstinue-</span> 
     </span>
     <span class='ocr_line' id='line_1_18' title="bbox 331 1623 1606 1681; baseline 0.002 -15"><span class='ocrx_word' id='word_1_139' title='bbox 331 1636 436 1679; x_wconf 81' lang='lat' dir='ltr'>runt.</span> <span class='ocrx_word' id='word_1_140' title='bbox 449 1626 498 1666; x_wconf 90' lang='lat' dir='ltr'>Et</span> <span class='ocrx_word' id='word_1_141' title='bbox 508 1624 772 1665; x_wconf 83' lang='lat' dir='ltr'>Theramenes</span> <span class='ocrx_word' id='word_1_142' title='bbox 788 1623 945 1678; x_wconf 85' lang='lat' dir='ltr'>quidem</span> <span class='ocrx_word' id='word_1_143' title='bbox 963 1625 1004 1665; x_wconf 88' lang='lat' dir='ltr'>in</span> <span class='ocrx_word' id='word_1_144' title='bbox 1017 1625 1219 1666; x_wconf 80' lang='lat' dir='ltr'>Piraeeum</span> <span class='ocrx_word' id='word_1_145' title='bbox 1235 1624 1431 1680; x_wconf 61' lang='lat' dir='ltr'>profectus</span> <span class='ocrx_word' id='word_1_146' title='bbox 1441 1657 1453 1676; x_wconf 92' lang='lat'><strong>,</strong></span> <span class='ocrx_word' id='word_1_147' title='bbox 1466 1626 1606 1681; x_wconf 62' lang='lat' dir='ltr'>(praed</span> 
     </span>
     <span class='ocr_line' id='line_1_19' title="bbox 332 1695 1607 1751; baseline 0 -13"><span class='ocrx_word' id='word_1_148' title='bbox 332 1708 463 1738; x_wconf 78' lang='lat' dir='ltr'>turam</span> <span class='ocrx_word' id='word_1_149' title='bbox 482 1707 614 1738; x_wconf 89' lang='lat' dir='ltr'>autem</span> <span class='ocrx_word' id='word_1_150' title='bbox 635 1695 713 1751; x_wconf 91' lang='lat' dir='ltr'>ipse</span> <span class='ocrx_word' id='word_1_151' title='bbox 734 1709 895 1751; x_wconf 88' lang='lat' dir='ltr'>quoque</span> <span class='ocrx_word' id='word_1_152' title='bbox 916 1695 1102 1750; x_wconf 87' lang='lat' dir='ltr'>gerebat)</span> <span class='ocrx_word' id='word_1_153' title='bbox 1121 1709 1224 1737; x_wconf 87' lang='lat' dir='ltr'>voce</span> <span class='ocrx_word' id='word_1_154' title='bbox 1241 1706 1376 1745; x_wconf 81' lang='lat' dir='ltr'>tenus,</span> <span class='ocrx_word' id='word_1_155' title='bbox 1401 1698 1530 1751; x_wconf 85' lang='lat' dir='ltr'>gravis</span> <span class='ocrx_word' id='word_1_156' title='bbox 1543 1706 1607 1738; x_wconf 67' lang='lat' dir='ltr'>ard</span> 
     </span>
     <span class='ocr_line' id='line_1_20' title="bbox 331 1766 1603 1823; baseline -0.003 -12"><span class='ocrx_word' id='word_1_157' title='bbox 331 1780 507 1811; x_wconf 83' lang='lat' dir='ltr'>maturae</span> <span class='ocrx_word' id='word_1_158' title='bbox 533 1768 718 1810; x_wconf 84' lang='lat' dir='ltr'><strong>militibus</strong></span> <span class='ocrx_word' id='word_1_159' title='bbox 749 1766 992 1808; x_wconf 86' lang='lat' dir='ltr'>irascebatur.</span> <span class='ocrx_word' id='word_1_160' title='bbox 1040 1766 1287 1808; x_wconf 86' lang='lat' dir='ltr'>Aristarchus</span> <span class='ocrx_word' id='word_1_161' title='bbox 1314 1779 1437 1818; x_wconf 89' lang='lat' dir='ltr'>vero,</span> <span class='ocrx_word' id='word_1_162' title='bbox 1470 1767 1512 1808; x_wconf 88' lang='lat'>&amp;</span> <span class='ocrx_word' id='word_1_163' title='bbox 1533 1767 1603 1823; x_wconf 83' lang='lat' dir='ltr'>qui</span> 
     </span>
     <span class='ocr_line' id='line_1_21' title="bbox 329 1837 1604 1896; baseline -0.002 -14"><span class='ocrx_word' id='word_1_164' title='bbox 329 1841 511 1896; x_wconf 86' lang='lat' dir='ltr'>populari</span> <span class='ocrx_word' id='word_1_165' title='bbox 536 1839 769 1881; x_wconf 84' lang='lat' dir='ltr'>multitudini</span> <span class='ocrx_word' id='word_1_166' title='bbox 790 1837 995 1879; x_wconf 84' lang='lat' dir='ltr'>adversarii</span> <span class='ocrx_word' id='word_1_167' title='bbox 1019 1849 1154 1889; x_wconf 90' lang='lat' dir='ltr'>erant,</span> <span class='ocrx_word' id='word_1_168' title='bbox 1179 1837 1487 1892; x_wconf 75' lang='lat' dir='ltr'>indignabantur.</span> <span class='ocrx_word' id='word_1_169' title='bbox 1508 1837 1604 1880; x_wconf 86' lang='lat'><em>1110-</em></span> 
     </span>
     <span class='ocr_line' id='line_1_22' title="bbox 328 1906 1666 1963; baseline -0.002 -12"><span class='ocrx_word' id='word_1_170' title='bbox 328 1923 420 1951; x_wconf 87' lang='lat' dir='ltr'>rum</span> <span class='ocrx_word' id='word_1_171' title='bbox 444 1922 544 1951; x_wconf 91' lang='lat' dir='ltr'>vero</span> <span class='ocrx_word' id='word_1_172' title='bbox 570 1909 698 1963; x_wconf 86' lang='lat' dir='ltr'>gravis</span> <span class='ocrx_word' id='word_1_173' title='bbox 721 1918 940 1949; x_wconf 90' lang='lat' dir='ltr'>armaturae</span> <span class='ocrx_word' id='word_1_174' title='bbox 971 1906 1138 1947; x_wconf 84' lang='lat' dir='ltr'>militum</span> <span class='ocrx_word' id='word_1_175' title='bbox 1165 1906 1343 1960; x_wconf 86' lang='lat' dir='ltr'>plerique</span> <span class='ocrx_word' id='word_1_176' title='bbox 1367 1919 1524 1946; x_wconf 90' lang='lat' dir='ltr'>manum</span> <span class='ocrx_word' id='word_1_177' title='bbox 1549 1907 1601 1948; x_wconf 73' lang='lat' dir='ltr'>ad</span> <span class='ocrx_word' id='word_1_178' title='bbox 1664 1938 1666 1940; x_wconf 50' lang='lat'>&gt;</span> 
     </span>
     <span class='ocr_line' id='line_1_23' title="bbox 330 1976 1604 2036; baseline -0.002 -14"><span class='ocrx_word' id='word_1_179' title='bbox 330 1994 433 2036; x_wconf 91' lang='lat' dir='ltr'>opus</span> <span class='ocrx_word' id='word_1_180' title='bbox 450 1980 661 2022; x_wconf 89' lang='lat' dir='ltr'>admovere</span> <span class='ocrx_word' id='word_1_181' title='bbox 677 1990 915 2033; x_wconf 88' lang='lat' dir='ltr'>coeperunt,</span> <span class='ocrx_word' id='word_1_182' title='bbox 939 1992 1012 2021; x_wconf 90' lang='lat' dir='ltr'>nec</span> <span class='ocrx_word' id='word_1_183' title='bbox 1031 1991 1100 2020; x_wconf 91' lang='lat' dir='ltr'>eos</span> <span class='ocrx_word' id='word_1_184' title='bbox 1120 1976 1211 2019; x_wconf 65' lang='lat' dir='ltr'>facti</span> <span class='ocrx_word' id='word_1_185' title='bbox 1232 1977 1474 2032; x_wconf 87' lang='lat' dir='ltr'>poenitebat:</span> <span class='ocrx_word' id='word_1_186' title='bbox 1494 1977 1604 2023; x_wconf 55' lang='lat' dir='ltr'>Theq</span> 
     </span>
     <span class='ocr_line' id='line_1_24' title="bbox 328 2047 1603 2104; baseline -0.003 -10"><span class='ocrx_word' id='word_1_187' title='bbox 328 2066 527 2094; x_wconf 89' lang='lat' dir='ltr'>ramenem</span> <span class='ocrx_word' id='word_1_188' title='bbox 547 2053 664 2093; x_wconf 84' lang='lat' dir='ltr'>etiam</span> <span class='ocrx_word' id='word_1_189' title='bbox 682 2050 999 2104; x_wconf 86' lang='lat' dir='ltr'>interrogabant,</span> <span class='ocrx_word' id='word_1_190' title='bbox 1018 2049 1209 2104; x_wconf 90' lang='lat' dir='ltr'>numquid</span> <span class='ocrx_word' id='word_1_191' title='bbox 1228 2049 1264 2090; x_wconf 92' lang='lat' dir='ltr'>ei</span> <span class='ocrx_word' id='word_1_192' title='bbox 1286 2048 1484 2089; x_wconf 86' lang='lat' dir='ltr'>videretur</span> <span class='ocrx_word' id='word_1_193' title='bbox 1503 2047 1603 2090; x_wconf 84' lang='lat' dir='ltr'>haec</span> 
     </span>
     <span class='ocr_line' id='line_1_25' title="bbox 329 2116 1599 2177; baseline -0.003 -14"><span class='ocrx_word' id='word_1_194' title='bbox 329 2123 500 2164; x_wconf 91' lang='lat' dir='ltr'>munitio</span> <span class='ocrx_word' id='word_1_195' title='bbox 520 2121 666 2177; x_wconf 87' lang='lat' dir='ltr'>publici</span> <span class='ocrx_word' id='word_1_196' title='bbox 686 2121 783 2161; x_wconf 90' lang='lat' dir='ltr'>boni</span> <span class='ocrx_word' id='word_1_197' title='bbox 808 2119 921 2162; x_wconf 88' lang='lat' dir='ltr'>causa</span> <span class='ocrx_word' id='word_1_198' title='bbox 944 2119 1107 2168; x_wconf 85' lang='lat' dir='ltr'>exstrui,</span> <span class='ocrx_word' id='word_1_199' title='bbox 1130 2119 1173 2160; x_wconf 75' lang='grc' dir='ltr'>ὅτ</span> <span class='ocrx_word' id='word_1_200' title='bbox 1194 2131 1243 2159; x_wconf 89' lang='lat' dir='ltr'>an</span> <span class='ocrx_word' id='word_1_201' title='bbox 1264 2117 1380 2159; x_wconf 85' lang='lat' dir='ltr'>satius</span> <span class='ocrx_word' id='word_1_202' title='bbox 1396 2116 1488 2158; x_wconf 83' lang='lat' dir='ltr'>effet</span> <span class='ocrx_word' id='word_1_203' title='bbox 1506 2129 1599 2159; x_wconf 82' lang='lat' dir='ltr'>eam</span> 
     </span>
     <span class='ocr_line' id='line_1_26' title="bbox 328 2185 1599 2244; baseline -0.006 -10"><span class='ocrx_word' id='word_1_204' title='bbox 328 2192 516 2234; x_wconf 88' lang='lat' dir='ltr'>demoliri.</span> <span class='ocrx_word' id='word_1_205' title='bbox 538 2191 608 2232; x_wconf 91' lang='lat' dir='ltr'>Ille</span> <span class='ocrx_word' id='word_1_206' title='bbox 627 2204 753 2238; x_wconf 89' lang='lat' dir='ltr'>vero,</span> <span class='ocrx_word' id='word_1_207' title='bbox 781 2189 811 2230; x_wconf 83' lang='lat' dir='ltr'><strong>fi</strong></span> <span class='ocrx_word' id='word_1_208' title='bbox 832 2189 876 2231; x_wconf 76' lang='grc' dir='ltr'>δι</span> <span class='ocrx_word' id='word_1_209' title='bbox 895 2187 983 2244; x_wconf 77' lang='lat' dir='ltr'>ipsis</span> <span class='ocrx_word' id='word_1_210' title='bbox 1002 2201 1087 2229; x_wconf 85' lang='lat' dir='ltr'>eam</span> <span class='ocrx_word' id='word_1_211' title='bbox 1108 2187 1285 2229; x_wconf 88' lang='lat' dir='ltr'>demoliri</span> <span class='ocrx_word' id='word_1_212' title='bbox 1313 2187 1503 2242; x_wconf 84' lang='lat' dir='ltr'>placeret,</span> <span class='ocrx_word' id='word_1_213' title='bbox 1526 2185 1599 2227; x_wconf 80' lang='lat' dir='ltr'>fibi</span> 
     </span>
     <span class='ocr_line' id='line_1_27' title="bbox 326 2255 1598 2317; baseline -0.005 -14"><span class='ocrx_word' id='word_1_214' title='bbox 326 2275 489 2316; x_wconf 91' lang='lat' dir='ltr'>quoque</span> <span class='ocrx_word' id='word_1_215' title='bbox 509 2262 682 2317; x_wconf 89' lang='lat' dir='ltr'>placere,</span> <span class='ocrx_word' id='word_1_216' title='bbox 697 2260 900 2316; x_wconf 86' lang='lat' dir='ltr'>respondit.</span> <span class='ocrx_word' id='word_1_217' title='bbox 920 2260 1024 2301; x_wconf 88' lang='lat' dir='ltr'>Hinc</span> <span class='ocrx_word' id='word_1_218' title='bbox 1043 2270 1173 2300; x_wconf 89' lang='lat' dir='ltr'>autem</span> <span class='ocrx_word' id='word_1_219' title='bbox 1194 2270 1218 2298; x_wconf 90' lang='lat' dir='ltr'>e</span> <span class='ocrx_word' id='word_1_220' title='bbox 1238 2255 1419 2310; x_wconf 84' lang='lat' dir='ltr'>vestigio,</span> <span class='ocrx_word' id='word_1_221' title='bbox 1439 2268 1530 2296; x_wconf 90' lang='lat' dir='ltr'>cum</span> <span class='ocrx_word' id='word_1_222' title='bbox 1542 2255 1598 2297; x_wconf 76' lang='lat' dir='ltr'>illi</span> 
     </span>
     <span class='ocr_line' id='line_1_28' title="bbox 326 2324 1597 2386; baseline -0.006 -12"><span class='ocrx_word' id='word_1_223' title='bbox 326 2333 460 2386; x_wconf 86' lang='lat' dir='ltr'>gravis</span> <span class='ocrx_word' id='word_1_224' title='bbox 491 2343 708 2373; x_wconf 89' lang='lat' dir='ltr'>armaturae</span> <span class='ocrx_word' id='word_1_225' title='bbox 734 2331 896 2379; x_wconf 87' lang='lat' dir='ltr'>milites,</span> <span class='ocrx_word' id='word_1_226' title='bbox 933 2341 1016 2370; x_wconf 88' lang='lat' dir='ltr'>turn</span> <span class='ocrx_word' id='word_1_227' title='bbox 1052 2329 1168 2370; x_wconf 84' lang='lat' dir='ltr'>etiam</span> <span class='ocrx_word' id='word_1_228' title='bbox 1198 2328 1309 2368; x_wconf 87' lang='lat' dir='ltr'>multi</span> <span class='ocrx_word' id='word_1_229' title='bbox 1331 2340 1469 2368; x_wconf 88' lang='lat' dir='ltr'>eorum</span> <span class='ocrx_word' id='word_1_230' title='bbox 1482 2356 1497 2374; x_wconf 90' lang='lat'>,</span> <span class='ocrx_word' id='word_1_231' title='bbox 1525 2324 1597 2380; x_wconf 80' lang='lat' dir='ltr'>qui</span> 
     </span>
     <span class='ocr_line' id='line_1_29' title="bbox 324 2394 1596 2449; baseline -0.005 -6"><span class='ocrx_word' id='word_1_232' title='bbox 324 2412 437 2443; x_wconf 86' lang='lat' dir='ltr'>erant</span> <span class='ocrx_word' id='word_1_233' title='bbox 463 2403 503 2442; x_wconf 91' lang='lat' dir='ltr'>in</span> <span class='ocrx_word' id='word_1_234' title='bbox 523 2402 707 2449; x_wconf 87' lang='lat' dir='ltr'>Piraeeo,</span> <span class='ocrx_word' id='word_1_235' title='bbox 725 2400 981 2442; x_wconf 87' lang='lat' dir='ltr'>munitionem</span> <span class='ocrx_word' id='word_1_236' title='bbox 1006 2398 1330 2445; x_wconf 85' lang='lat' dir='ltr'>conscenderunt,</span> <span class='ocrx_word' id='word_1_237' title='bbox 1352 2397 1394 2439; x_wconf 85' lang='lat'>&amp;</span> <span class='ocrx_word' id='word_1_238' title='bbox 1420 2394 1596 2437; x_wconf 73' lang='lat' dir='ltr'>demoliri</span> 
     </span>
     <span class='ocr_line' id='line_1_30' title="bbox 324 2464 1597 2526; baseline -0.008 -13"><span class='ocrx_word' id='word_1_239' title='bbox 324 2482 550 2526; x_wconf 87' lang='lat' dir='ltr'>coeperunt.</span> <span class='ocrx_word' id='word_1_240' title='bbox 574 2472 664 2512; x_wconf 86' lang='lat' dir='ltr'>Hac</span> <span class='ocrx_word' id='word_1_241' title='bbox 685 2481 815 2511; x_wconf 88' lang='lat' dir='ltr'>autem</span> <span class='ocrx_word' id='word_1_242' title='bbox 837 2467 1109 2509; x_wconf 87' lang='lat' dir='ltr'>adhortatione</span> <span class='ocrx_word' id='word_1_243' title='bbox 1128 2467 1175 2507; x_wconf 91' lang='lat' dir='ltr'>ad</span> <span class='ocrx_word' id='word_1_244' title='bbox 1199 2465 1343 2520; x_wconf 87' lang='lat' dir='ltr'>vulgus</span> <span class='ocrx_word' id='word_1_245' title='bbox 1359 2464 1567 2506; x_wconf 87' lang='lat' dir='ltr'>utebantur</span> <span class='ocrx_word' id='word_1_246' title='bbox 1577 2474 1597 2511; x_wconf 88' lang='lat'>,·</span> 
     </span>
     <span class='ocr_line' id='line_1_31' title="bbox 325 2532 1595 2596; baseline -0.007 -14"><span class='ocrx_word' id='word_1_247' title='bbox 325 2553 510 2596; x_wconf 87' lang='lat' dir='ltr'>oportere</span> <span class='ocrx_word' id='word_1_248' title='bbox 535 2553 646 2589; x_wconf 90' lang='lat' dir='ltr'>eum,</span> <span class='ocrx_word' id='word_1_249' title='bbox 667 2540 889 2595; x_wconf 86' lang='lat' dir='ltr'>quicunque</span> <span class='ocrx_word' id='word_1_250' title='bbox 910 2538 1086 2593; x_wconf 90' lang='lat' dir='ltr'>quinque</span> <span class='ocrx_word' id='word_1_251' title='bbox 1106 2535 1223 2577; x_wconf 84' lang='lat' dir='ltr'>millia</span> <span class='ocrx_word' id='word_1_252' title='bbox 1245 2535 1394 2578; x_wconf 88' lang='lat' dir='ltr'>civium</span> <span class='ocrx_word' id='word_1_253' title='bbox 1413 2532 1595 2588; x_wconf 74' lang='lat' dir='ltr'>quadrin-v</span> 
     </span>
    </p>
   </div>
  </div>
 </body>
</html>
