1716 3190
442 309 928 358 EPITOME
993 312 1290 361 LIBRI
1355 313 1542 374 V111„

398 420 629 458 Num-10
658 418 769 459 cladis
803 419 992 472 Sicilienfis
1017 419 1179 460 Athenas
1207 420 1339 474 perlato
1352 449 1365 468 ,
1394 416 1620 470 AthenIenses

341 478 381 518 in
406 493 530 532 magno
561 480 651 520 lublu
684 492 832 533 metuque
845 509 856 528 ‚
892 493 1057 534 utcunque
1089 493 1200 520 tamen
1223 479 1386 533 fortunae
1413 479 1618 532 hostibusque

342 544 479 595 resistere
497 555 640 594 parant.
657 541 756 596 Cap.
780 541 812 581 I.
841 543 966 582 Contra
987 544 1084 594 apud
1099 542 1205 595 hostes
1229 543 1347 594 ingens
1364 540 1530 594 gaudium
1550 540 1619 592 est,

341 603 513 656 omnesque
539 603 577 642 in
595 603 738 642 exitium
764 618 876 643 eorum
899 602 1113 656 conspirant:
1131 603 1242 657 socii,
1266 603 1368 642 etiam
1381 605 1420 654 fi
1436 602 1492 655 qui
1514 601 1614 654 prius

330 663 429 715 firmi
449 664 635 716 steterant,
658 664 772 703 labare
794 663 973 718 incipiunt.
1008 663 1058 703 II.
1079 664 1132 705 V.
1165 664 1344 718 Principio
1367 663 1474 716 igitur
1498 663 1534 703 in
1554 662 1615 702 Io·

338 723 432 763 niam
456 724 591 777 claffem
617 724 826 764 mittentibus
856 725 1111 778 Peloponnefiis
1137 725 1366 778 Athenienses
1394 725 1530 778 impigre
1549 739 1617 763 na-

337 798 398 825 ves
426 786 564 825 obviam
589 785 773 838 miserunt:
807 784 1075 839 compulsumque
1097 787 1134 826 in
1161 787 1321 827 Piraeum
1346 786 1423 840 agri
1449 785 1616 826 Corinthii

332 861 470 902 portum
488 849 624 902 claſjigm
637 851 822 902 obsidentes
833 878 848 896 ,
866 850 903 889 in
920 863 1078 902 magnum
1098 851 1382 891 Lacedaemonios
1395 861 1517 890 metum
1535 864 1617 890 con·

335 910 490 954 iecerunt.
525 912 576 952 X.
614 912 711 950 Inter
743 913 824 951 haec
862 926 937 951 cum
962 911 1165 951 Alcibiades
1196 913 1234 952 in
1258 912 1392 953 Ioniam
1418 912 1615 964 navigans,

338 974 483 1022 Chium,
510 973 716 1027 Erythras,
756 974 975 1027 Clazomenas
985 1005 1000 1022 ,
1025 974 1193 1028 multaque
1215 974 1289 1014 alia
1315 974 1532 1027 Athem'enfis
1551 973 1616 1012 im-

329 1034 417 1089 perii
440 1033 566 1090 oppida
584 1050 647 1089 per
667 1035 876 1088 defiblionem
895 1036 1082 1089 recepiffit:
1106 1036 1352 1090 Athenienses,
1372 1035 1474 1091 miffi's
1494 1036 1531 1075 in
1553 1035 1616 1076 lo-

335 1099 430 1138 niam
457 1098 629 1148 navibus,
654 1099 777 1139 bellum
803 1099 850 1138 ibi
875 1115 950 1139 curn
973 1100 1228 1154 Peloponnesiis
1252 1100 1353 1141 varia
1371 1098 1517 1153 fortuna
1537 1096 1613 1151 ges-

326 1160 458 1212 fierunt.
502 1160 593 1201 XV.
622 1161 901 1209 Lacedaemonii,
929 1177 1004 1202 cum
1027 1178 1099 1216 rege
1127 1163 1304 1215 Persarum
1333 1162 1369 1202 6³
1398 1161 1612 1216 Ttffapherne

327 1223 484 1276 satrapa
503 1223 575 1263 eius
588 1222 722 1276 fhedere
747 1235 865 1264 eontra
888 1224 1116 1278 Athenienses
1140 1225 1226 1274 iffa,
1248 1225 1293 1264 ab
1315 1225 1360 1263 iis
1380 1224 1416 1263 in
1439 1240 1472 1263 re
1490 1222 1615 1263 navali
1691 1268 1703 1274 ⁵

332 1284 508 1325 iuvantur.
535 1284 742 1326 XXXVII.
768 1286 996 1333 Alcibiades,
1019 1288 1112 1326 vitae
1135 1285 1222 1338 stiae
1246 1286 1507 1340 Peloponnesios
1530 1285 1612 1336 infi-

333 1348 425 1388 diari
443 1348 619 1401 sentiens,
658 1352 709 1388 ad
747 1349 999 1403 Tiffaphernem
1017 1349 1092 1403 sese
1123 1349 1272 1403 confla,
1306 1349 1512 1403 mnfifitspue
1533 1347 1613 1400 suis

333 1414 432 1464 apud
448 1426 521 1450 eum
538 1412 632 1450 rebus
649 1410 964 1464 Peloponnefiorum
982 1411 1236 1451 incommodam
1246 1442 1259 1462 ,
1288 1410 1396 1465 fimul
1410 1411 1447 1450 in
1457 1410 1615 1462 patriam

332 1472 475 1512 reditum
501 1472 647 1512 molitur.
675 1472 802 1513 XLV.
834 1472 919 1513 Hoc
940 1472 1040 1513 initio
1069 1485 1190 1513 contra
1211 1473 1378 1528 populum
1403 1471 1609 1513 coniuratio-

334 1551 393 1575 nes
402 1534 483 1587 fieri
502 1545 649 1589 coeptae.
669 1549 712 1574 ac
728 1535 765 1574 in
783 1536 861 1575 urbe
875 1535 1007 1589 quidem
1028 1536 1278 1588 Quadringenti
1297 1535 1531 1590 rempublicam
1551 1548 1610 1574 oc-

332 1608 498 1649 cupantes
506 1626 523 1644 ,
548 1597 720 1651 imperium
746 1597 784 1637 in
816 1598 908 1638 cives
926 1610 988 1649 per
1015 1598 1086 1638 vim
1111 1598 1280 1653 gffrunt
1291 1613 1310 1646 ;
1341 1598 1378 1637 in
1399 1600 1507 1637 Samo
1530 1610 1612 1636 vero

333 1660 590 1712 Atheniensium
617 1660 810 1707 exercitus,
837 1676 903 1715 pro
932 1661 1057 1715 populi
1082 1662 1199 1701 tuendi
1231 1661 1370 1715 imperio
1395 1660 1432 1700 6·
1459 1660 1608 1700 libertate

331 1738 450 1765 contra
481 1725 704 1777 oligarchicos
730 1726 912 1772 coniurat,
947 1726 984 1765 ὃ·
1009 1727 1056 1765 ab
1079 1725 1201 1778 exsilio
1228 1725 1444 1765 Alcibiadem
1471 1723 1613 1766 reducit.

334 1787 434 1828 LIII.
467 1787 647 1829 LXXVI.
678 1789 819 1829 Interim
841 1789 1060 1828 Theramenes
1088 1788 1215 1842 aliique
1240 1803 1285 1827 ex
1315 1786 1610 1839 Quadringentis,

330 1850 545 1904 tyrannidem
561 1849 701 1902 sitorum
722 1852 833 1905 perosi
837 1882 849 1900 ,
866 1852 995 1906 plebem
1015 1851 1178 1904 adversus
1200 1851 1475 1902 Quadringentos
1494 1849 1608 1889 conci-

333 1925 422 1954 tant.
440 1912 656 1954 LXXXIX.
680 1915 776 1953 Mox
795 1915 880 1953 adeo
901 1928 976 1954 cum
994 1928 1119 1967 magna
1140 1912 1237 1953 clade
1255 1911 1477 1962 Athenienses
1494 1926 1518 1950 a
1537 1912 1607 1950 Pe-

333 1974 538 2028 loponnesiis
561 1974 709 2014 navibus
732 1977 783 2014 ad
809 1974 980 2014 Eretriam
996 1973 1074 2027 fitfi
1084 2004 1098 2023 ‚
1122 1974 1300 2013 Euboeam
1322 1972 1456 2026 insuper
1479 1971 1607 2024 amififi

325 2039 429 2091 sent:
451 2049 653 2090 congregata
673 2039 850 2086 concione,
868 2038 1138 2090 Quadringentis
1154 2037 1305 2091 populus
1320 2036 1494 2091 imperium
1511 2037 1607 2076 abro-

331 2099 443 2153 gavit.
473 2114 539 2154 pro
563 2100 618 2139 his
638 2100 780 2154 quinque
800 2100 908 2140 milEa
928 2099 1055 2140 civium
1067 2129 1081 2146 ,
1107 2099 1165 2153 qui
1182 2100 1279 2139 rebus
1296 2097 1478 2152 praeffnt
1486 2128 1502 2146 ,
1520 2113 1604 2139 con-

324 2162 540 2215 stituuntur,
567 2162 603 2201 6»
634 2163 680 2201 ab
714 2162 899 2216 longinqua
932 2161 1102 2215 discordia
1133 2161 1170 2200 in
1194 2160 1458 2215 tranquilliorem
1475 2160 1605 2213 flatum

332 2237 383 2262 res
406 2222 611 2276 rediguntur.
630 2222 760 2263 XCV.
779 2222 947 2264 XCVII.
968 2223 1160 2263 Secundum
1182 2224 1263 2263 haec
1280 2223 1356 2279 post
1370 2222 1465 2262 varie
1478 2223 1604 2276 gestum

331 2282 368 2322 in
389 2283 490 2324 Ionia
510 2283 656 2333 bellum,
679 2285 913 2338 Peloponnesii
935 2284 972 2324 in
994 2284 1250 2338 Hellespontum
1271 2284 1317 2324 ab
1343 2285 1445 2325 Ionia
1467 2284 1605 2338 claffem

331 2345 514 2399 bellumque
537 2346 799 2398 transferentes,
826 2346 951 2388 navali
965 2345 1096 2401 proelio
1122 2346 1245 2401 ibidem
1272 2346 1317 2386 ab
1337 2345 1602 2401 Atheniensibus

332 2407 527 2449 vincuntur.
548 2407 659 2450 CIV.
