1716 3190
297 221 388 270 232
505 201 1380 251 ANNOTATIONES

293 294 449 336 stituiffe
466 290 688 342 ἐκοινοῧντο,
711 293 807 333 mihi
826 293 1025 348 probabile
1043 294 1210 335 videtur.
1237 293 1351 345 ’Ὑπὲρ
1372 292 1444 334 τοῦ
1466 297 1564 348 ‹Pap-
1610 324 1614 329 »

292 349 459 402 ναβέεζου
485 349 599 389 etiam
623 348 758 388 melius
776 349 823 387 ab
842 347 994 389 Acacio
1013 358 1110 402 puto
1130 348 1234 389 verti
1254 349 1385 388 nomine
1402 349 1570 387 Pharna«

295 404 375 458 buzi
386 421 402 453 ‚·
416 415 533 457 quam
553 402 654 456 legati
673 403 914 455 Pharnabazi,
932 403 1040 456 quod
1066 402 1202 442 Vallae
1217 403 1258 442 δι
1273 402 1394 442 Porto
1411 401 1569 456 placuit.

349 460 425 497 ead.
447 458 472 496 l.
502 471 536 510 3.
553 457 610 496 Ἐς
631 454 697 496 τὴν
721 455 956 511 ἀποστολὴν)
978 455 1080 496 Infra
1099 469 1183 510 cap.
1210 470 1234 509 9
1251 450 1466 496 Ἀποο-τολῆ
1489 456 1566 497 τῶθ

294 510 392 552 νεῶν.
413 509 641 550 ’Anba-‘ronow
657 509 697 549 &
716 510 934 557 ἀποστολὴν
985 523 1031 550 ro
1053 510 1189 551 eodem
1211 510 1280 551 dici
1295 539 1305 556 ,
1330 508 1458 550 scribit
1485 509 1565 550 Th.

296 563 502 618 Magister:
517 563 558 604 &
581 563 711 604 laudat
725 563 858 604 locum
879 563 965 603 Ari1
983 564 1071 610 idis,
1119 564 1160 603 ui
1172 562 1226 604 est
1241 565 1280 604 in
1299 563 1493 604 Oratione
1507 562 1569 603 Si-

296 618 386 675 cula
409 617 475 665 11,
500 618 619 658 Tom.
637 617 705 664 ΙΙ,
730 631 768 671 p.
797 632 866 671 32,
891 615 1078 670 Χρήματα,
1091 578 1136 656 3⁹
1157 615 1241 670 ὑμῖν
1260 619 1315 657 τὰ.
1337 617 1406 668 μὲν
1430 616 1482 657 εἰς
1501 615 1566 657 ‘t‘or

298 671 520 713 ἀπόστολον
539 673 604 711 τον
622 674 736 712 κακον
759 668 1019 723 ἑξοινίιλοετοιι,
1039 671 1080 711 in
1099 671 1197 711 hanc
1216 672 1406 724 egregiam
1419 670 1568 724 claffim‚

298 736 345 767 ut
366 725 423 766 ibi
442 724 659 773 Canterus;
686 726 793 779 quod
819 725 936 765 etiam
956 725 994 764 in
1017 737 1220 778 apparatum
1246 726 1381 778 claffis,
1403 725 1444 764 in
1469 738 1567 776 expe-

301 780 461 820 ditionem
476 779 693 826 maritimam,
707 778 811 818 refiie
827 788 958 819 vertas
969 791 1058 818 cum
1078 778 1366 819 Hemsterhufio
1379 778 1426 819 ad
1442 777 1568 818 Pollu-

297 845 388 874 cem
411 832 532 880 VIII,
548 846 612 886 99.
637 832 883 880 Ἀπόο-τολοι,
906 831 945 871 αἱ
968 831 1044 872 τῶν
1071 833 1155 874 νεῶν
1169 832 1370 883 {normam}
1384 853 1403 879 ,·
1415 833 1498 872 Har
1526 845 1571 872 o-

302 888 454 928 cration
475 901 496 927 e
517 884 780 927 Demosthene
801 886 817 926 l
843 885 998 940 Philipp.
1019 886 1145 927 Locus
1163 885 1216 927 est
1246 899 1330 940 pag.
1355 885 1405 940 36
1423 885 1480 926 ed.
1500 846 1571 926 ga-

301 940 363 981 ris.
392 941 451 981 Εἰς
478 940 506 981 ἑὶ
532 938 710 981 τοσαῦται
736 939 963 980 ἀναλίσκετε
1040 938 1199 991 ύμοιτοι,
1223 939 1296 981 ὅσοι
1317 935 1398 980 065*
1421 939 1472 979 εἰς
1498 936 1566 980 ἕνα

303 992 378 1035 τῶν
407 994 645 1035 ἀποστόλων.
676 993 723 1034 Et
743 994 832 1034 ibid.
854 992 944 1033 Τοὺς
1001 1000 1016 1032 ἐ
1042 994 1280 1034 ἀποστόλους
1307 994 1460 1034 πάντας
1485 989 1572 1045 ὑμῖν

303 1045 502 1104 ὑστερίζειν
518 1047 599 1088 »τῶν
623 1046 780 1101 καιρῶν,
807 1049 872 1088 τὸν
899 1047 951 1088 εἰς
973 1046 1158 1097 Μεθώνην,
1183 1050 1247 1088 τον
1268 1047 1320 1088 εἰς
1347 1049 1573 1100 Παγασὰς,
1648 1046 1657 1051 ’
1692 1033 1709 1107 Γ

304 1105 372 1143 τον
395 1103 446 1144 εἰς
465 1101 692 1143 sla-risam.
714 1102 813 1142 Add.
835 1101 886 1141 ibi
911 1100 1159 1143 Scholiasten.
1189 1099 1368 1143 Gloffae:
1396 1100 1576 1141 Ἀπόο-το-

306 1168 374 1198 λος
387 1187 402 1204 ,
435 1157 577 1210 miffus‚
603 1157 738 1210 claffis‚
772 1156 834 1196 vel
856 1169 964 1209 genus
989 1156 1142 1196 navium.
1169 1153 1272 1196 forte
1296 1155 1416 1208 miffits
1446 1156 1570 1208 claffis.

307 1211 437 1264 Quod
461 1210 674 1252 ἀπόστολον
692 1223 814 1264 genus
833 1210 991 1249 navium
1013 1210 1122 1255 dicit,
1145 1209 1496 1264 interpretationem
1513 1221 1575 1249 re·

294 1266 398 1319 *cipit
424 1277 475 1305 ex
500 1266 571 1312 iis,
594 1277 695 1318 quae
715 1274 875 1304 annotat
898 1262 1205 1304 Hemsterhufius
1229 1263 1254 1303 l.
1280 1263 1315 1303 d.
1338 1262 1491 1319 Aqur
1511 1263 1574 1303 vi·

306 1329 371 1360 tae
396 1319 562 1360 Homeri
588 1330 671 1372 cap.
701 1332 774 1372 19,
797 1319 857 1358 Ἐκ
870 1316 940 1370 μὲν
960 1317 1009 1358 δὴ
1036 1315 1102 1358 τοῦ
1125 1316 1272 1368 λιμένος
1294 1314 1400 1357 οὐδὲν
1419 1318 1457 1358 ἣν
1477 1315 1577 1357 ἀπό·

306 1384 457 1414 στολον.
490 1372 772 1426 Ἐπιβοιτηγοὺς
804 1382 924 1412 vocat
952 1370 1144 1424 Ulpianus
1169 1371 1194 1411 1.
1231 1385 1247 1411 1
1265 1401 1280 1418 ,
1309 1371 1326 1421 §
1361 1384 1434 1419 12,
1454 1369 1507 1410 D.
1529 1370 1579 1412 de

310 1427 527 1469 Exercitor.
546 1426 617 1468 ἃᾶ.
644 1426 766 1466 Latini
784 1426 924 1466 veeroria
937 1426 1089 1479 navigia.
1105 1425 1318 1466 Suetonius
1335 1422 1440 1465 Caes
1462 1437 1494 1464 c.
1509 1425 1575 1479 63.

364 1484 439 1522 ead.
451 1482 476 1521 l.
490 1494 526 1535 9.
548 1478 599 1521 Αὗ
605 1479 709 1534 τοὺς)
723 1479 792 1521 Gr.
807 1476 958 1528 αὐτοῖς,
971 1490 1016 1519 ut
1029 1479 1076 1519 ad
1089 1477 1197 1531 ἕὸοξε
1210 1477 1411 1519 referatur.
1428 1478 1576 1519 WAss.

308 1535 349 1577 Si
371 1535 457 1590 quis
481 1536 533 1575 ita
555 1534 757 1588 legendum
777 1533 946 1588 putabit,
964 1533 1083 1574 deerit
1105 1531 1344 1574 accusativus
1361 1528 1519 1572 αὖτοὺςε
1544 1531 1575 1573 fi

306 1586 474 1636 αὐτοὺς,
496 1587 748 1643 supplendum
767 1589 841 1628 erit
859 1583 1006 1627 αὐτοῖς.
1028 1586 1093 1628 De
1111 1586 1229 1642 ellipfi
1242 1586 1487 1642 pronominis
1504 1582 1577 1626 αὖ·

309 1646 376 1685 τος
400 1643 514 1698 supra
537 1643 624 1698 plus
639 1654 722 1683 uno
744 1641 835 1683 loco
856 1640 1000 1682 dicium
1020 1641 1086 1681 est.

381 1701 456 1738 ead.
481 1698 504 1736 l.
537 1711 597 1747 14.
627 1698 703 1737 Τὲις
731 1693 888 1748 ὖμίσεοις
918 1693 994 1736 τῶν
1020 1693 1134 1748 νεῶν)
1157 1693 1302 1735 Thom.
1333 1692 1513 1748 Magister
1537 1693 1577 1734 in

309 1749 427 1804 ὖμίσκ
448 1750 596 1801 scribit,
617 1750 752 1791 melius
773 1747 848 1790 effe
870 1750 911 1789 in
933 1747 1153 1790 accusativo
1174 1746 1310 1802 plurali
1329 1757 1409 1788 tam
1429 1746 1582 1788 mascu-

310 1806 396 1847 lino
414 1836 427 1853 ‚
450 1818 568 1860 quam
595 1804 779 1846 feminino
806 1816 947 1856 genere
974 1800 1156 1854 ἦμίσεας,
1178 1801 1438 1857 ἀσυναίρετον,
1456 1814 1578 1855 quam

313 1856 474 1910 ἧμίσεις.
494 1858 579 1914 Ipse
606 1869 737 1899 tamen
757 1870 780 1898 e
804 1856 1035 1910 Thucydide
1056 1856 1195 1906 affert,
1217 1855 1308 1896 τοὺς
1335 1853 1484 1908 »ipio-m
1504 1854 1581 1896 τῶν

311 1913 512 1966 πρέσβεων.
540 1913 602 1954 Sic
624 1924 786 1967 quoque
807 1910 891 1960 111,
913 1924 991 1957 20,
1017 1910 1059 1950 &
1080 1909 1154 1956 IV,
1178 1924 1242 1959 42.
1563 1924 1565 1926 ·

368 1969 459 2021 Pag.
489 1967 550 2008 16.
572 1969 596 2008 l.
624 1982 662 2016 4.
685 1963 938 2020 ’Asvmo-ioev)
963 1964 1094 2011 Vide,
1118 1976 1220 2018 quae
1249 1962 1297 2004 ad
1325 1962 1424 2012 v11,
1453 1961 1477 2003 8
1512 1975 1583 2009 anq

313 2031 451 2062 notata
478 2020 576 2062 sunt.

366 2080 440 2117 ead.
463 2076 493 2114 l:
515 2087 549 2127 5.
569 2073 640 2114 Καὶ
662 2071 903 2127 &abluo-av)
928 2072 1023 2119 Hic,
1044 2081 1088 2112 ut
1109 2071 1240 2118 &1v,
1258 2069 1308 2119 8,
1326 2069 1368 2111 &
1387 2069 1489 2118 vll,
1511 2078 1582 2124 75⁴,v

314 2128 490 2192 nezi-post
513 2128 639 2170 sonan
663 2127 856 2168 abundare
886 2125 1012 2168 censet
1034 2126 1249 2180 Stephanus
1273 2125 1320 2165 ad
1345 2123 1581 2165 Corinthum
1622 2150 1627 2154 »
1682 2125 1691 2158 ξ’
1704 2154 1710 2163 ,,

312 2184 439 2226 Arne.
459 2183 585 2230 XLV.
605 2195 693 2237 pag.
721 2195 781 2237 33.
802 2180 902 2221 Add.
922 2180 1001 2221 hoc
1017 2180 1081 2222 lib.
1107 2191 1190 2234 cap.
1218 2193 1234 2219 1
1251 2208 1267 2226 ,
1289 2176 1360 2219 Κοι)
1387 2173 1436 2219 ὦς
1453 2176 1583 2231 ἕὲοξεν

313 2234 448 2279 αὐτοῖς
471 2237 539 2277 καὶ
568 2237 713 2277 ἐποίουν
733 2233 878 2275 ταῦτα..

368 2296 444 2332 ead.
465 2292 489 2332 l.
509 2291 546 2331 8.
560 2291 607 2331 “A
620 2291 709 2331 τότε
727 2282 784 2343 ἦν)
808 2288 969 2330 Ineunte
987 2300 1102 2335 vere,
1123 2287 1179 2327 ait
1197 2285 1451 2341 spanhemius
1464 2284 1580 2339 Epist.

313 2346 332 2386 1
355 2346 403 2386 ad
423 2344 645 2387 Morellium
671 2344 687 2394 §
710 2343 759 2392 83
783 2343 885 2383 haud
903 2342 1017 2382 dubie
1036 2340 1242 2396 respiciens
1258 2339 1305 2380 ad
1328 2352 1398 2388 ea,
1417 2351 1520 2392 quae
1538 2339 1580 2379 in

313 2401 508 2455 principio
540 2412 623 2453 cap.
653 2412 679 2448 7
708 2398 802 2438 dicit
825 2396 1102 2448 Thucydides,
1133 2393 1201 2435 τοῦ
1226 2394 1265 2434 A*
1289 2393 1584 2447 ἐπιγιγνομένου

313 2454 452 2507 δέρους.
482 2452 731 2505 Thucydides
760 2451 914 2505 quidem
942 2462 1044 2490 voce
1077 2448 1201 2502 δέρους
1223 2460 1296 2488 ver
1331 2446 1373 2486 &
1402 2446 1582 2487 aestatem

313 2506 518 2563 compleffi
537 2506 657 2556 solet,
674 2516 719 2548 ut
740 2505 884 2547 difflun
901 2503 955 2546 est
977 2503 1025 2544 ad
1046 2501 1110 2553 11,
1135 2517 1168 2544 1.
1195 2500 1258 2543 sed
1283 2499 1439 2543 Isthmia
1462 2498 1583 2544 aesta-e
