1716 3190
338 216 441 273 376
688 204 1216 264 ’ΣΧΟΛΙΑ

345 313 456 366 ρίοις,
478 305 654 365 γέροντες
671 310 739 352 καὶ
755 309 825 353 νέοι
848 309 948 363 ἦσαν
966 312 1072 365 ἅμα.
1119 314 1144 353 l.
1173 325 1208 364 3.
1230 308 1337 367 Πρὸς
1355 309 1421 353 τὸν
1439 309 1612 362 κύκλον)

346 369 418 413 ἕως
433 371 504 412 τοῦ
517 370 673 412 κύκλου.
720 371 746 410 l.
770 369 908 420 ς.”Εςι
927 371 966 412 δὲ
988 372 1141 422 αὐτοῦ)
1162 374 1231 414 τοῦ
1250 373 1407 414 κύκλου,
1454 372 1539 411 ead.
1554 367 1612 412 ιῸ

346 429 417 471 καὶ
434 426 687 480 ἀφύλακτον)
710 428 825 484 μέρος
842 429 1024 482 δηλονότι.
1042 430 1209 478 τουτέςι,
1227 424 1348 477 ’ςοίδιοι
1367 429 1575 481 δεκαεπτά.
1593 429 1613 472 ὅ

347 486 429 542 γάς
445 490 532 531 ὅλος
544 489 686 535 κύκλος
702 489 840 535 ςαδίων
855 488 899 540 ἧν
913 488 1117 544 ἑξήκοντα.
1138 492 1163 530 l.
1183 488 1310 536 8.⁷ssv
1320 489 1364 531 τὸ
1376 487 1528 541 ἔξωθεν)
1539 491 1616 530 τῶν

346 550 511 601 μακρῶν
522 551 679 600 τειχῶν.
715 549 739 588 l.
758 562 774 588 1
785 563 823 588 0.
849 548 910 590 Τὸ
923 548 963 590 δὲ
979 547 1021 591 ἐν
1035 550 1202 602 φυλακῇ
1219 548 1278 599 ὃν)
1298 551 1371 591 τοῦ
1390 546 1615 603 Πειραιέως.
1634 563 1638 568 ’

407 608 509 657 Pag.
533 620 600 658 27.
624 607 650 647 l.
675 620 711 658 7.
729 607 815 658 Τὴν
831 608 1018 662 ξύλωσιν)
1033 609 1104 659 την
1119 607 1194 651 ἀπὸ
1210 610 1338 663 ξύλων
1354 609 1616 658 κατασκευήν.

348 664 428 707 ἰδία
447 666 549 720 λέξις
567 667 638 708 τοῦ
656 664 886 709 Θουκυδίδου
905 668 1017 718 αὕτη.
1046 668 1072 708 Ι.
1092 681 1158 708 10.
1178 666 1236 709 ‘H
1255 666 1451 714 ἀνάςασις
1466 666 1618 718 ἐγίγνε-

348 726 416 775 το)
437 726 459 776 ἡ
478 728 707 777 μετοίκησις.
736 727 762 767 l.
785 739 801 766 1
813 739 850 766 2.
871 721 977 768 Ἀπὸ
994 727 1063 768 τοῦ
1078 726 1181 768 πάνυ
1199 725 1396 780 ἀρχαίου)
1412 725 1457 781 ἐξ
1472 725 1619 781 ἀρχῆς.

351 785 437 824 ead.
458 782 623 841 Ἑτέρων
639 786 814 837 μᾶλλον)
829 782 1044 836 Ἑλλήνων.
1072 786 1098 826 I.
1121 799 1185 837 13.
1205 781 1360 843 Τοῦτο)
1376 789 1496 828 τοῦτο
1515 785 1559 827 τὸ
1575 784 1615 826 ἐν

354 841 493 899 ἀγροῖς
510 843 661 886 δίαιταν
676 844 796 898 ἔχειν.
833 845 859 884 Ζ.
883 858 948 894 14.
967 841 1038 889 Ἐς
1060 844 1215 896 Θησέα)
1234 843 1321 887 ἀντὶ
1337 846 1426 890 τοῦ,
1444 845 1513 889 ἕως
1531 844 1617 895 Θη-

351 903 464 946 σέως.
494 904 580 944 ead.
596 901 684 945 ’Asi
698 904 806 946 κατοὶ
821 904 976 955 πόλεις)
995 901 1223 951 ἀδιαςάτως,
1252 906 1278 945 l.
1303 918 1319 944 1
1333 918 1368 952 ς.
1391 901 1617 958 Πρυτανεῖοί

352 977 398 1005 τε
415 958 600 1021 ἔχουσα)
631 966 872 1018 πρυτανεῖον,
899 964 972 1010 ἔςιν
991 961 1091 1005 οἶκος
1107 964 1260 1018 μέγας,
1283 961 1374 1004 ἔνθα
1393 965 1437 1004 αἱ
1455 964 1618 1014 σιτήσεις

353 1020 512 1064 ἐδίδοντο
538 1027 619 1068 τοῖς
647 1022 958 1075 πολιτευομένοις.
979 1020 1154 1066 ἐκαλεῖτο
1179 1021 1218 1064 δὲ
1247 1023 1366 1066 οὕτως
1392 1020 1513 1072 ἐπειδη
1542 1021 1626 1063 ἐκεῖ

353 1078 539 1134 ἐκάθηντο
561 1084 593 1124 οἱ
615 1080 850 1138 Πρυτάνεις,
874 1084 907 1123 οἱ
926 1085 1006 1124 τῶν
1028 1084 1127 1124 ὅλων
1151 1081 1403 1137 πραγμάτων
1426 1082 1619 1132 διοικηταί.

355 1141 468 1183 ἄλλοι
481 1140 519 1182 δέ
537 1144 663 1194 Φασιν
679 1141 793 1184 ὅτιτὸ
809 1145 1032 1197 πρυτανεῖον
1047 1141 1160 1196 πυρὸς
1179 1140 1222 1194 ἦν
1238 1144 1436 1194 ταμιεῖον,
1447 1139 1536 1182 ἔνθα
1550 1141 1620 1183 καὶ

354 1200 402 1253 ἦν
418 1200 589 1255 ἄσβεςον
607 1204 692 1256 πῦς,
706 1202 774 1244 καὶ
790 1202 970 1253 ηὔχοντο.
988 1202 1073 1241 ead.
1092 1200 1182 1243 Καὶ
1195 1201 1304 1243 ὁπότε
1321 1201 1426 1252 μήτι
1441 1199 1618 1251 δείσειαν)

355 1259 447 1304 ἀντὶ
463 1262 548 1309 τοῦ,
566 1260 628 1303 ὅτε
645 1261 702 1313 μὴ
719 1261 773 1304 εἰς
789 1260 920 1315 φόβον
936 1259 1027 1303 τινοὶ
1042 1260 1174 1303 ἔλθοιεν
1191 1262 1258 1302 καὶ
1274 1259 1462 1309 κίνδυνον,
1477 1259 1545 1302 οὐκ
1558 1262 1622 1316 η’ρ-

355 1334 481 1373 χοντο
498 1319 589 1375 πρὸς
608 1320 672 1363 τὸν
688 1319 873 1373 βασιλέα.

415 1381 515 1430 Pag.
540 1388 607 1427 28.
632 1381 657 1420 l.
683 1393 721 1421 2.
746 1378 868 1422 Ἀλλ’
886 1376 1001 1421 αὐτοὶ
1018 1377 1174 1431 ἕκαςοι)
1200 1376 1288 1421 καθ’
1308 1376 1483 1422 ἑαυτούς.
1529 1379 1555 1419 l.
1578 1392 1618 1428 4.

356 1438 473 1482 Μετ’
491 1437 826 1492 Εὐμόλπου),ἀφ’
848 1436 890 1481 οὗ
913 1437 1161 1491 Εὐμολπίδαι
1178 1438 1286 1488 Φυλη
1308 1436 1347 1479 ἐν
1371 1440 1421 1491 τῇ
1439 1435 1623 1491 Ἀττικῇ.

355 1501 383 1540 1.
410 1514 447 1551 9.
469 1499 678 1551 Ξυνῴκισε)
698 1499 742 1541 τὸ
764 1500 966 1554 ξὐνῴκισεν
987 1497 1056 1541 οὐκ
1079 1499 1156 1546 ἕςιν
1173 1496 1235 1539 ἐπὶ
1252 1500 1324 1540 τοῦ
1344 1497 1443 1549 ὁμοῦ
1459 1501 1621 1550 ξυνοικι-

361 1563 498 1611 σθῆναι
517 1557 700 1609 ἐποίησεν,
717 1556 808 1600 ἀλλ’
830 1556 887 1599 ἐπὶ
908 1559 979 1599 τοῦ
1003 1559 1101 1609 μίαν
1122 1557 1250 1604 πόλιν,
1270 1556 1415 1603 τουτέςι
1434 1557 1624 1611 μητρόπο-

357 1625 435 1669 λιν,
453 1618 561 1669 ἔχειν
578 1616 716 1668 αὐτήν.
757 1619 782 1659 l.
807 1629 870 1669 13.
891 1614 968 1671 Ἐξ
987 1615 1155 1667 ἐκείνου)
1174 1617 1192 1658 ὁ
1216 1615 1257 1657 δὲ
1275 1616 1355 1668 μὴν
1374 1612 1507 1659 ἐκεῖνος
1529 1615 1627 1657 ὠνο-

357 1677 499 1731 μοέσῧη
510 1676 826 1729 Μεταγειτνιών.
856 1677 942 1717 ead.
957 1676 1022 1729 Τῇ
1036 1676 1139 1728 θεῷ)
1151 1676 1200 1729 τῇ
1213 1672 1382 1726 Ἀθηνᾷ.
1399 1673 1629 1731 ἀπροσδιορί-

359 1752 435 1785 ςως
457 1737 536 1791 γάς
554 1739 596 1779 οὔ
614 1747 742 1790 φασιν
759 1739 794 1779 οἱ
810 1733 1026 1786 Ἀθηναῖοι,
1042 1736 1109 1777 καὶ
1129 1734 1195 1776 τὸν
1214 1733 1457 1776 Ἀπόλλωνα
1475 1733 1625 1784 ὁμοίως.

416 1799 517 1847 Pag.
534 1810 600 1848 29.
612 1791 638 1836 I.
657 1811 695 1845 4.
711 1794 821 1850 Πρὸς
831 1799 948 1838 τοῦτο
962 1795 1006 1837 τὸ
1025 1795 1154 1850 μέρος)
1173 1793 1218 1835 τὸ
1234 1793 1371 1835 νότιον.
1383 1794 1408 1833 l.
1429 1806 1464 1841 5.
1479 1792 1569 1835 Καὶ
1579 1793 1624 1835 τὸ

359 1860 432 1907 τῆς
451 1856 555 1908 Γῆς)
573 1860 642 1907 τῆς
657 1855 880 1910 Δήμητρος.
909 1856 933 1895 l.
955 1859 992 1895 6.
1011 1852 1103 1896 Καὶ
1119 1853 1163 1895 τὸ
1177 1852 1216 1895 ἐν
1231 1850 1428 1905 Λίμναις)
1444 1851 1628 1905 Λίμναι,

358 1917 471 1964 τόπος
488 1914 526 1958 ἐν
543 1917 591 1969 τῇ
607 1914 806 1970 ἀκροπόλει
823 1916 901 1957 τῶν
917 1911 1099 1964 Ἀθηνῶν.
1129 1913 1214 1953 ead.
1224 1909 1285 1954 *Ω
1298 1911 1351 1954 τοὶ
1361 1910 1629 1967 ἀρχαιότερα)

362 1973 605 2030 ἀρχαιότερα
622 1973 718 2022 εἶπε,
733 1974 822 2016 διότι
837 1972 891 2021 ε’ςὶ
904 1975 972 2015 καὶ
987 1973 1145 2028 νεώτερα
1159 1973 1283 2014 ἄλλα.
1312 1971 1338 2012 l.
1356 1979 1392 2018 8.
1410 1969 1499 2013 Καὶ
1515 1974 1549 2012 οἱ
1560 1970 1628 2013 ἀπ’

360 2033 519 2086 Ἀθην.)
536 2035 605 2076 καὶ
622 2037 657 2075 οἱ
673 2034 822 2075 ἄποικοι
838 2036 917 2075 τῶν
931 2031 1163 2083 Ἀθηναίων.
1203 2033 1291 2072 ead.
1312 2029 1404 2072 Καὶ
1428 2031 1496 2072 νῦν
1519 2033 1628 2080 νομί-

359 2096 488 2149 ζουσι)
508 2094 616 2136 κατοὶ
638 2095 753 2146 νόμον
772 2095 923 2135 ποιοῦσι.
953 2093 978 2132 l.
1003 2106 1068 2131 10.
1089 2090 1182 2132 Τῶν
1199 2091 1415 2146 τυράννων)
1435 2093 1510 2132 τῶν
1530 2088 1626 2132 Πει-
1692 2092 1695 2093 ’

360 2154 596 2208 σιςρατιδῶν.
625 2154 651 2193 l.
675 2166 691 2193 1
705 2167 739 2193 1.
760 2150 938 2208 Φανερῶν
957 2154 1033 2194 τῶν
1053 2152 1209 2201 πηγῶν)
1229 2152 1305 2192 τῶν
1323 2147 1538 2191 ἀναδόσεων
1558 2150 1628 2192 τοῦ

361 2214 520 2262 ὕδατος.
569 2214 594 2252 I.
629 2225 695 2254 12.
721 2210 876 2264 Ἐκείνη
902 2226 945 2253 τε
970 2209 1097 2262 ε’γγὺς
1119 2210 1234 2263 οὔσῃ)
1260 2209 1312 2252 ὡς
1331 2206 1530 2263 ἀκροπόλει
1558 2208 1628 2258 3„-

362 2274 504 2315 λονότι,
552 2273 577 2312 l.
609 2284 673 2323 13.
694 2270 763 2313 Τοὶ
783 2273 932 2318 πλείςου
953 2271 1050 2324 ἀξια
1069 2267 1270 2324 ἐχρῶντο)
1291 2270 1406 2310 λείπει
1421 2267 1486 2311 εἰς·
1513 2266 1557 2308 ἵν’
1580 2265 1628 2322 ᾗ,

361 2333 415 2377 εἰς
433 2333 488 2374 τοὶ
506 2334 657 2379 πλείςου
679 2331 788 2382 ἀξια.
811 2329 856 2372 τὸ
877 2328 909 2371 δ’
931 2328 1020 2384 ἑξῆς
1033 2361 1043 2376 ,
1070 2329 1120 2381 τῇ
1139 2329 1256 2383 κρήνη
1277 2327 1331 2369 τὰ
1353 2330 1507 2371 πλείςου
1527 2327 1624 2380 ἀξια

360 2390 548 2446 ἐχρῶντο.
561 2392 586 2432 l.
602 2405 617 2431 1
628 2404 666 2440 4.
681 2388 774 2432 Καὶ
784 2387 821 2434 ἐς
832 2390 942 2431 ἀλλα
955 2392 1031 2430 τῶν
1042 2389 1162 2443 ἱερῶν)
1173 2388 1241 2428 καὶ
1249 2386 1328 2438 γοὶς
1341 2385 1358 2427 ὃ
1371 2385 1505 2437 γάμος
1516 2387 1626 2441 ἱερός.

363 2452 388 2492 l.
409 2465 474 2499 15.
499 2449 582 2492 Διά
601 2451 671 2500 την
690 2448 864 2491 παλαιοὶν
882 2448 1050 2498 ταύτην)
1071 2447 1142 2497 την
1162 2445 1352 2500 εἰρημένην
1374 2443 1560 2495 δηλονότι.

420 2511 521 2561 Pag.
550 2522 614 2563 30.
634 2510 659 2551 l.
683 2521 719 2562 3.
743 2505 808 2565 Τῇ
829 2522 872 2552 τε
893 2504 956 2551 οὗν
973 2505 1152 2559 ἐπιπολὺ)
1171 2503 1422 2555 ἀντίπτωσις,
1439 2501 1528 2547 ἀντὶ
1553 2505 1626 2548 τοῦ·

1704 460 1716 510 ι

1707 2328 1716 2353 5

1702 2351 1716 2389 j
