1716 3190
355 263 446 310 29²·
553 245 1424 307 ANNOTATIONES

350 333 516 383 aienses,
532 335 727 390 pertinere
743 335 873 390 poffit.
889 335 974 376 Nec
986 346 1116 376 tamen
1134 336 1298 377 aliorum
1318 335 1535 380 testimonia
1550 336 1621 379 has

350 389 444 436 beo,
462 389 530 443 qui
547 389 676 442 ὃίωξιν
693 389 890 431 ποιεῖσθαι
909 389 1098 444 fugientes
1118 390 1292 431 dixerint.

406 445 481 483 ead.
493 443 519 483 l.
533 443 569 483 6.
588 443 671 483 Ἐπὶ
690 442 757 484 τῐίς
778 440 953 497 ἠπείρου)
979 442 1082 484 Clar.
1107 444 1172 484 ἐπὶ
1192 443 1433 498 τῆςἼμβρου,
1450 444 1514 485 cui
1526 443 1618 485 scri—

350 507 489 550 pturae
507 496 598 536 nihil
617 493 763 544 obstatss
776 497 846 536 nisi
862 497 971 550 quod
987 509 1124 538 omnes
1142 498 1204 537 alii
1226 498 1312 539 Mff.
1330 499 1526 552 vulgatam
1545 498 1617 537 ha-

313 555 316 558 '
350 550 455 591 bent.
470 551 544 591 Sed
557 550 661 591 Clar.
671 551 799 591 valide
810 563 941 591 tuetur
954 551 1061 605 quod
1078 550 1131 592 est
1142 551 1268 592 infine
1281 566 1362 607 cap.
1374 552 1450 606 seq.
1461 553 1528 593 καὶ
1541 553 1618 592 τὶς

349 606 392 647 ἐκ
411 603 760 657 τῆς”1μβρου,3σαι
779 605 1019 658 κατέφυγον,
1038 605 1262 656 κομίζονται.

404 659 495 711 Pag.
518 659 605 699 166.
622 658 646 697 l.
665 672 698 698 1.
716 657 936 698 Ἐλαιοῦντα
978 659 1096 713 Apud
1109 659 1282 699 nostrum
1298 659 1356 699 bis
1369 670 1506 714 terque
1518 659 1617 700 haec

348 712 482 753 eadem
500 710 681 765 scriptura
697 726 734 766 p.
757 725 841 762 172.
861 712 927 752 No
959 713 1260 753 erHerodotum
1274 712 1460 766 sequitur,
1471 715 1527 763 V,
1540 712 1617 760 VI,

347 765 1168 861 ἕᾶῖῖ’ἓυέἒῗέἂῗὲἓέἑῗὲέῗέὲῗὲἓὲἓὲ
1180 767 1618 861 ἕῗὲἓῖὲίᾚὲεὲἓὲξᾶ·

351 875 424 923 -16,
447 873 554 913 Aler.
581 873 753 921 Eleunta,
779 874 895 914 ceteri
929 874 1107 914 Elaeunta
1137 872 1251 927 reete.
1275 874 1370 914 Plin.
1391 875 1457 921 V,
1483 874 1512 925 §.
1537 849 1617 928 38:

347 926 707 1027 i{IlllaleuffizilWAss.
730 927 830 968 Add.
847 927 1064 968 Pintianum
1086 928 1129 968 &
1147 926 1328 972 Voffium
1351 928 1399 968 ad
1418 927 1615 983 Pompon.

396 994 417 1022 e
433 993 495 1021 am
560 1010 575 1028 ,
597 995 632 1021 2.
959 1024 961 1026 ,

319 1078 323 1082 ,
402 1035 476 1076 ead.
491 1035 516 1074 l.
532 1049 567 1074 2.
580 1035 636 1075 Ἐς
650 1031 834 1088 ’'Assvsov)
849 1034 928 1074 Alii
945 1030 994 1074 ὣς
1007 1029 1187 1083 Ἀβυὲον,
1201 1037 1317 1078 reste.
1331 1035 1434 1077 Vide
1447 1032 1525 1086 IV,
1543 1048 1591 1091 50
1601 1066 1616 1086 ,

346 1103 425 1144 79,
445 1084 569 1136 VIII,
587 1102 630 1142 31
644 1120 656 1138 ,
673 1091 721 1143 36
736 1089 777 1130 δι
792 1088 856 1128 80.
875 1090 1021 1128 WAss.
1083 1133 1088 1135 ,

403 1145 477 1182 ead.
493 1143 517 1181 l.
539 1155 599 1192 ¹4·
616 1143 698 1182 Ἐπὶ
716 1142 823 1196 κέρως
845 1142 1072 1196 ταξάμενοι)
1091 1141 1245 1190 Nescio,
1257 1156 1328 1184 cur
1345 1138 1554 1184 Palmerius
1574 1142 1615 1183 in

349 1196 625 1238 Exercitation.
649 1210 733 1250 pag.
754 1195 798 1248 58
821 1196 898 1236 huc
922 1196 1106 1237 intrusam
1132 1198 1305 1238 voluerit
1327 1209 1468 1238 vocem
1488 1197 1615 1252 po'e'ti-

348 1263 433 1291 cam
450 1250 663 1303 ἐπισχερώ.
679 1251 760 1291 Ἐπὶ
781 1250 888 1303 κέρως
903 1249 1106 1303 τάξασθαι
1121 1250 1176 1290 est
1193 1250 1376 1293 ufitatum
1390 1250 1613 1304 Thucydidi

348 1306 391 1344 in
411 1305 483 1346 hac
499 1318 541 1345 re
560 1317 681 1358 genus
701 1305 898 1358 loquendi.
917 1305 1018 1344 Vide
1031 1304 1078 1344 ad
1091 1303 1172 1351 VI,
1194 1320 1255 1360 34.

403 1360 493 1412 Pag.
516 1359 603 1408 167.
617 1359 641 1398 l.
662 1371 692 1411 5.
714 1357 928 1412 Ἀῤῥιοινῶή
947 1358 1090 1399 Forsan
1104 1372 1248 1399 nornen
1268 1358 1403 1414 populi
1416 1369 1516 1406 erat,
1532 1370 1615 1399 non

346 1412 436 1453 loci.
465 1412 642 1453 Aeacius,
665 1413 803 1452 HUDs.
832 1411 896 1452 De
916 1411 1034 1453 Idaeo
1062 1412 1104 1452 &
1131 1412 1325 1453 Arrhiana
1356 1412 1466 1453 filent
1499 1423 1615 1453 vete-

347 1468 584 1560 reshysASS.
608 1466 703 1508 Non
723 1466 885 1508 invenio
904 1461 944 1506 in
963 1465 1095 1508 Aeacii
1109 1467 1232 1517 notis,
1247 1479 1350 1522 quae
1370 1466 1433 1506 hic
1452 1474 1615 1507 annotat

345 1521 414 1561 Hu
456 1533 570 1561 onus.

402 1576 487 1614 ibid.
509 1573 599 1615 Νῐῐες
614 1572 660 1626 ἓξ
682 1572 748 1613 καὶ
768 1569 1028 1628 ὂγὲοῆκοντα)
1046 1573 1201 1614 Graeca
1219 1573 1372 1625 omnia,
1389 1586 1491 1628 quae
1510 1573 1586 1614 vidi
1596 1585 1614 1622 ‚'

347 1642 458 1669 exem
488 1627 606 1678 laria,
622 1628 700 1668 hoc
718 1627 810 1668 loco
830 1626 1127 1668 Atheniensibus
1143 1626 1194 1668 86
1212 1641 1355 1676 naves,
1371 1627 1613 1682 Peloponne-
1689 1632 1716 1656 *³

347 1682 409 1722 fiis
428 1683 451 1723 6
498 1682 687 1722 tribuunt.
709 1681 837 1734 Quod
857 1694 932 1735 ego
958 1682 1114 1722 minime
1133 1693 1156 1722 a
1178 1680 1409 1734 Thucydide
1427 1680 1612 1736 scriptum

346 1736 545 1777 existimo:
566 1736 623 1776 his
645 1736 825 1776 omnibus
846 1734 982 1775 du&us
1002 1737 1248 1789 argumentis.
1266 1736 1368 1775 Nam
1387 1736 1553 1790 primum
1570 1736 1613 1776 in

347 1791 476 1831 Lesbo
496 1791 617 1830 modo
637 1788 889 1830 Athenienses
905 1789 956 1839 67
972 1788 1096 1830 solum
1115 1802 1235 1830 naves
1252 1789 1450 1831 universas
1468 1789 1613 1830 habue-

349 1855 448 1885 rant.
464 1857 561 1898 quas
573 1844 661 1884 licet
682 1856 818 1884 omnes
836 1843 1076 1883 adduxerunt
1090 1844 1130 1883 in
1143 1843 1278 1883 Helles
1298 1853 1435 1884 ontum
1447 1873 1461 1890 ‚
1473 1843 1522 1884 ab
1534 1843 1613 1884 Im·
1692 1867 1694 1870 v

350 1899 424 1939 bro
443 1900 557 1939 etiam
577 1897 744 1938 navibus
763 1896 969 1946 adiunffls,
985 1910 1066 1937 non
1083 1908 1213 1937 tamen
1231 1896 1254 1937 8
1302 1894 1518 1938 effecissent.
1543 1897 1615 1939 Pe-

348 1951 567 2007 loponnefii
587 1965 686 1992 vero
707 1951 826 2005 paulo
842 1961 930 1991 ante
947 1951 994 1990 ad
1015 1951 1236 1991 Elaeuntem
1252 1950 1303 1991 86
1325 1964 1446 1992 naves
1463 1950 1612 2005 hahue-

349 2018 458 2047 rant:
479 2019 551 2046 nec
567 2005 645 2046 ulla
665 2005 775 2046 causa
793 2003 1016 2051 interceffit,
1035 2017 1154 2058 quare
1168 2005 1330 2046 navium
1353 2005 1410 2045 his
1424 2017 1614 2051 numerus,

348 2062 598 2101 minueretur.
619 2060 683 2100 Ad
699 2059 815 2106 haec,
828 2058 1095 2113 Peloponnesii
1107 2071 1306 2112 nunquam
1325 2069 1404 2099 tam
1424 2071 1548 2113 parva
1565 2059 1610 2100 δε

349 2115 487 2168 impari
508 2113 619 2155 classe
639 2125 728 2154 cum
750 2111 1051 2153 Atheniensibus
1072 2111 1260 2166 congreffi
1280 2112 1347 2153 sua
1364 2111 1500 2167 sponte
1518 2112 1611 2153 fuis-

348 2168 453 2209 sent:
478 2169 545 2222 qui
568 2167 675 2222 prius
696 2166 743 2207 ad
763 2166 940 2207 Miletum
963 2167 1043 2220 pari
1064 2168 1225 2207 navium
1250 2179 1415 2207 numero
1439 2166 1607 2207 instrasti

347 2221 653 2262 detre&averant
671 2231 875 2261 certamen.
892 2219 1152 2261 Certiffimum
1163 2231 1290 2261 autem
1305 2233 1355 2260 ex
1365 2219 1610 2274 sequentibus

349 2286 621 2330 argumentum
639 2274 824 2322 sumitur,
845 2274 952 2328 quod
972 2275 1095 2314 maior
1114 2274 1228 2315 fuerit
1243 2273 1608 2327 Peloponnesiarum
1681 2326 1684 2331 ⁴

348 2331 508 2371 navium
519 2341 714 2370 numerus.
728 2329 830 2368 Nam
850 2329 975 2368 medio
988 2329 1139 2381 agmine
1179 2328 1353 2369 auciores
1368 2326 1476 2373 fuiffe
1484 2327 1609 2369 Athe·

347 2383 536 2425 nienfium
552 2396 698 2430 naves,
715 2382 757 2422 δι
775 2383 813 2422 in
831 2392 1000 2436 utroque
1019 2395 1142 2423 cornu
1183 2380 1418 2435 eloponnefii
1438 2380 1608 2435 superaf-

348 2439 388 2479 se
407 2450 572 2478 numero
590 2438 778 2477 dicuntur.
798 2436 906 2476 Tota
924 2448 1020 2488 ergo
1040 2435 1159 2476 claffis
1181 2436 1304 2476 maior
1317 2434 1406 2485 fiat,
1419 2434 1604 2488 siquidem
1676 2456 1678 2459 ·
1706 2423 1716 2458 s

348 2502 487 2554 partes.
518 2491 589 2531 His
606 2490 814 2552 Diodorus
844 2502 1014 2551 quoque·
1026 2489 1090 2529 lib.
1121 2503 1163 2543 ¹3
1193 2487 1392 2551 consentit.
1417 2490 1486 2542 qui
1508 2489 1608 2530 hanc
1672 2491 1679 2503 ²
1704 2543 1709 2551 „

349 2545 469 2600 ipsam
500 2543 712 2586 descnbens
743 2556 937 2598 pugnam,
960 2555 1086 2598 primo
1110 2541 1362 2584 Athenienses
1391 2543 1468 2593 60,
1496 2542 1608 2583 Pelo·
1675 2574 1702 2609 .'

1672 2887 1674 2889 ¹
1676 2851 1682 2854 “
1681 2805 1697 2821 ι
1675 2606 1700 2769 “3³35'H‘
1695 2575 1697 2577 .
