1716 3190
332 214 429 273 336
733 204 1205 261 ΣΧΟΛΙΑ

393 312 493 360 Pag.
510 322 604 352 100.
622 309 648 351 L
666 322 702 353 1.
719 308 784 353 Οὐ
802 309 951 352 τούτοις
970 311 1052 350 τῶν
1069 305 1296 362 ἀνθρώπων)
1313 303 1331 349 ὅ
1350 305 1437 350 νοῦς
1453 306 1531 349 τῶν
1546 310 1612 348 Ma

333 369 516 421 γομένων
527 402 538 418 ,
552 371 748 417 τοιοῦτος,
765 368 965 423 Νομίζετε
983 367 1026 409 οὐ
1048 370 1193 411 τούτοις
1209 370 1288 408 τῶν
1304 365 1505 421 ἀνθρώπων
1527 366 1609 408 δεῖν

335 428 572 483 παραμένειν
586 429 655 478 την
674 429 848 479 ἡσυχίαν
867 427 936 469 καὶ
950 427 1118 482 εἰρήνην,
1135 427 1230 479 οἲτῇ
1248 425 1321 478 μὲν
1339 424 1523 480 διαγωγῇ
1538 422 1607 466 καὶ

335 489 567 543 παρασκευῇ
581 489 776 543 εἰρηναίως
794 486 978 538 διοίγωσι,
995 488 1044 539 τῇ
1062 485 1100 527 δὲ
1117 486 1260 538 γνώμη
1279 487 1436 539 Φανεροί
1449 484 1538 527 ὦσιν
1554 486 1607 529 ὡς

338 545 605 599 ἀμυνοῦνται,
622 547 666 598 ἢν
684 544 904 588 ἀδικῶνται.
919 545 1021 587 θέλει
1038 543 1076 585 δὲ
1093 546 1204 587 εἰπεῖν
1222 546 1275 590 ὡς
1294 546 1404 597 ὑμεῖς
1420 543 1554 593 αὐτοὶ,
1575 540 1608 584 ὦ

339 605 674 658 Λακεδαιμόνιοι,
699 609 836 647 ποιεῖτε
858 606 986 647 τοῦτο.
1010 606 1146 646 ταῦτα
1171 602 1267 650 τινὲς
1293 601 1387 646 κατ’
1409 601 1609 657 ἐρώτησιν,

340 666 441 709 τινὲς
459 665 498 707 δὲ
514 664 623 707 κατά
640 663 839 717 ἀπόφασιν
866 662 1109 715 ἀνέγνωσαν.
1158 664 1184 705 l.
1208 678 1247 712 4.
1273 661 1356 714 Μὴ
1383 666 1512 705 λυπεῖν
1534 662 1607 711 τε)

343 726 431 766 οὔτε
459 723 596 766 ἀδικεῖν
626 723 839 778 βούλεσθε,
863 724 931 764 καὶ
956 720 1192 774 ἀδικούμενοι
1220 721 1430 773 ἀμύνεσθε·
1454 722 1522 763 καὶ
1546 719 1610 762 διοὶ

344 786 458 826 τοῦτο
478 783 523 825 τὸ
540 785 617 825 ἴσον
637 782 786 836 νέμετε.
813 784 838 825 l.
854 787 892 826 6.
909 779 1032 823 Πόλει
1045 782 1181 834 ὁμοίᾳ)
1199 781 1456 834 ὃμογνώμονι,
1471 780 1526 823 τά
1542 783 1612 821 ἴσα

344 843 530 898 ζηλούση.
558 844 584 886 l.
605 855 642 894 7.
659 840 738 898 Ἀρ
740 842 993 897 χαιότροπα)
1009 838 1082 882 οἷον
1099 841 1216 882 ἀπλᾶ
1233 841 1300 880 καὶ
1313 838 1455 893 ἀφελῆ.
1469 842 1615 894 προεῖπε

346 902 388 944 δὲ
413 902 504 945 τους
525 899 755 952 Ἀθηναίους
781 899 1072 955 νεωτεροποιούς.
1107 901 1133 941 I.
1157 905 1193 946 8.
1220 897 1409 950 Ἀνάγκη
1435 898 1476 940 δὲ
1493 901 1616 952 ὥσπερ

345 962 519 1013 τέχνης)
543 961 649 1016 παρὰ
671 963 716 1004 τὸ
738 958 965 1016 Ὁμηρικὸν,
980 960 1070 1009 Την
1094 958 1174 1013 γάς»
1204 955 1336 1010 ἀοιδὴν
1353 960 1509 1011 μᾶλλον
1535 956 1616 999 ἐπι-

346 1019 508 1063 κλειόυσ’
523 1021 725 1076 ἄνθρωποι,
734 1019 800 1061 ’Ἠ
817 1036 876 1067 τις
888 1018 1131 1061 ἀκουόντεσσι
1144 1016 1318 1070 νεωτάτη
1332 1015 1617 1071 ἀμφιπέληται.

346 1082 375 1122 l.
392 1095 428 1131 9.
444 1079 536 1122 Ἀεὶ
553 1080 606 1123 τοὶ
623 1075 920 1133 ἐπιγιγνόμενα)
940 1082 1060 1120 τοῦτο
1076 1077 1166 1134 πρὸς
1184 1076 1228 1119 τὸ
1243 1075 1291 1132 ἀρ
1294 1077 1526 1132 χαιότροπα.
1544 1076 1615 1118 οὐκ

351 1140 425 1182 ἔδει
437 1172 448 1189 ,
464 1142 600 1195 φησιν,
617 1141 724 1192 ὑμᾶς
744 1138 807 1182 ἀεὶ
828 1141 1018 1190 τοιούτους
1035 1134 1141 1179 εἶναι.
1175 1138 1200 1180 l.
1223 1151 1240 1177 1
1254 1151 1290 1180 1.
1307 1134 1618 1188 Ἐπιτεχνήσεωσ

348 1199 429 1250 δεῖ)
463 1198 749 1252 ἐπιτεχνήσεως
760 1228 773 1246 ,
803 1197 1033 1253 ἐξευρέσεως.
1059 1195 1221 1249 ἐπιμένει
1254 1195 1292 1237 δὲ
1320 1197 1368 1250 τῇ
1396 1195 1620 1250 παραβολῇ.

348 1261 376 1302 l.
395 1272 460 1311 13.
478 1258 754 1310 Κεκαίνωται)
769 1257 1101 1310 κεκαινοτόμηται.
1146 1257 1172 1298 l.
1193 1269 1258 1306 14.
1274 1253 1371 1298 Nou
1385 1254 1425 1297 δὲ
1444 1259 1526 1299 τοῖς
1545 1254 1621 1306 τε)

348 1321 385 1361 οἱ
402 1317 570 1370 ἐπίλογοι
585 1317 698 1360 ἔνθεν.

411 1379 510 1428 Pag.
530 1393 545 1419 1
556 1393 580 1418 0
590 1393 604 1418 1
615 1411 623 1419 .
635 1380 659 1418 l.
678 1392 694 1417 1
704 1411 713 1419 .
729 1373 1011 1431 ι’Ῑ”πεδε’.ιζέαο·ἓιε)
1021 1375 1241 1428 ὑπέσχοντο
1253 1374 1332 1428 γάς
1347 1371 1527 1429 ἀνωτέρω
1542 1373 1623 1418 τοῖς
1679 1419 1683 1424 ,

352 1434 653 1480 Ποτιδαιάταις.
686 1438 711 1479 I.
727 1451 765 1486 4.
782 1434 890 1491 Πρὸς
908 1437 1043 1491 ἑτέραν
1060 1436 1179 1487 τινα)
1193 1433 1284 1490 πρὸς
1300 1434 1390 1479 τούς
1403 1431 1626 1489 Ἀργείους.
1694 1455 1695 1458 =

351 1496 486 1552 ἐχθροὶ
509 1496 588 1549 γάς
610 1496 709 1548 ἦσαν
736 1500 820 1539 τοῖς
842 1494 1178 1547 Λακεδαιμονίοις.
1223 1495 1249 1536 l.
1274 1508 1311 1543 ς.
1333 1492 1496 1548 Δρῷμεν
1514 1490 1545 1531 δ’
1567 1490 1622 1533 ἀν

353 1557 481 1599 ἄδικον
499 1555 626 1607 οὐδὲν)
641 1555 765 1602 ἐπειδὴ
783 1553 884 1596 εἶπεν
896 1556 912 1597 ὁ
924 1553 1116 1609 Κορίνθιος
1128 1552 1219 1609 πρὸς
1231 1552 1366 1608 ἑτέραν
1379 1551 1623 1604 συμμαχίαν

355 1616 596 1672 τραπέσῧαι,
625 1616 681 1668 μη
709 1612 959 1668 βοηθούμενος
981 1613 1049 1656 ὑπὸ
1072 1616 1149 1655 τῶν
1173 1611 1518 1664 Λακεδαιμονίων,
1551 1612 1620 1652 νῦν

356 1678 477 1719 τοῦτο
501 1674 802 1729 κατασκευάζει,
828 1675 895 1715 καὶ
911 1674 1016 1725 λέγει
1039 1674 1098 1715 ὅτι
1127 1671 1231 1714 οὐδὲν
1253 1672 1377 1713 ἄδικον
1399 1669 1570 1726 δρῷμεν,
1587 1668 1624 1710 εἰ
1694 1663 1696 1666 ’

357 1735 449 1792 πρὸς
468 1733 616 1790 ἑτέρους
633 1737 841 1790 τραπῷμεν
858 1732 1114 1786 συμμάχους.
1131 1732 1340 1774 αἰνίττεται
1357 1728 1394 1771 δὲ
1415 1727 1507 1772 τοὺς
1525 1726 1627 1784 Ἀρ·

357 1800 502 1848 γείους,
520 1796 655 1837 οἵτινες
668 1792 871 1849 ἐχθρωδῶς
886 1792 1058 1835 διέκειντο
1071 1791 1159 1851 πρὸς
1169 1790 1260 1836 τοὺς
1271 1787 1630 1841 Λακεδαιμονίους.

361 1856 450 1897 ead.
466 1852 652 1909 Ὁρκίων)
668 1856 746 1895 τῶν
766 1851 910 1908 ἐφόρων
931 1856 1007 1894 τῶν
1028 1853 1159 1907 ὅρκων.
1191 1851 1218 1893 Ι.
1241 1854 1278 1893 6.
1293 1846 1628 1900 Αἰσθανομένων)

358 1918 446 1967 ἤτοι
466 1916 544 1956 τῶν
568 1911 781 1969 ζώντων,ἣ
804 1916 880 1953 τῶν
901 1915 1118 1967 Φρονίμων,
1137 1910 1158 1958 ἢ
1183 1912 1262 1951 τῶν
1284 1910 1424 1964 ἡρώων.
1473 1907 1548 1958 l.7.
1566 1902 1631 1948 Δι’

357 1974 547 2030 ἐρημίαν)
566 1974 811 2025 συμμαχίας
825 1970 1009 2022 δηλονότι.
1039 1971 1125 2012 ead.
1139 1966 1400 2023 Προσιόντες)
1416 1965 1630 2021 προσιόντες

361 2037 432 2076 καί
456 2031 744 2084 ἐπικαλούμενοι
766 2034 1011 2083 συμμαχεῖν.
1059 2031 1084 2070 l.
1102 2043 1138 2080 9.
1161 2027 1406 2080 Μενοῡμεν)
1425 2029 1571 2078 ἤγουν,
1589 2021 1629 2066 ἐν

362 2094 416 2146 τῇ
436 2092 606 2146 ὑμετέρα
629 2093 861 2143 συμμαχία.
906 2091 932 2132 l.
958 2102 1022 2131 12.
1038 2087 1318 2144 Ἐξηγεῖσῧαι)
1343 2086 1505 2142 ἄρχειν,
1527 2097 1631 2139 κρα-
1693 2083 1699 2130 ζ

363 2156 460 2201 τεῖν,
476 2152 498 2203 ἣ
514 2153 635 2204 ἄγειν.
665 2151 690 2193 L
713 2150 777 2200 1'4.
796 2149 980 2191 Τοιαῦτα
999 2147 1071 2200 μὲν
1090 2151 1123 2190 οἱ
1138 2144 1359 2203 Κορίνθιοι)
1376 2143 1523 2200 ἐμέρισε
1537 2142 1629 2198 πρὸς

367 2211 444 2266 μὲν
458 2213 529 2264 την
542 2213 781 2265 κατηγορίαν
801 2211 881 2250 τῶν
893 2207 1100 2262 Κορινθίων
1109 2240 1120 2256 ,
1135 2208 1209 2258 τὴν
1228 2205 1450 2257 ἀπολογίαν
1463 2205 1541 2246 τῶν
1555 2200 1635 2243 ‘A-

366 2271 541 2324 θηναίων·
559 2270 646 2326 πρὸς
661 2269 702 2310 δὲ
717 2269 788 2320 την
801 2267 998 2324 ἐπίπληξιν
1016 2267 1167 2315 αὐτῶν,
1189 2267 1260 2319 τὴν
1275 2263 1465 2307 &va-evectu
1481 2259 1559 2318 Ἀρ
1561 2275 1632 2314 χι·-

367 2331 495 2384 δάμου
511 2332 580 2373 τοῦ
594 2329 921 2379 Λακεδαιμονίου.

432 2392 534 2441 Pag.
563 2402 656 2434 102.
681 2389 708 2430 l.
732 2402 768 2430 1.
787 2385 950 2439 ’Έτυχε
969 2385 1047 2440 γάς
1070 2383 1254 2438 πρεσβεία
1275 2381 1471 2438 πρότερον)
1489 2381 1636 2432 ἤγουν,

370 2448 520 2501 ἔτυχον
541 2450 725 2502 παρόντες
747 2445 934 2500 πρέσβεις.
982 2446 1007 2487 l.
1034 2457 1068 2496 3.
1093 2442 1351 2499 Παριτητέα)
1376 2441 1521 2483 δίκαιον
1538 2436 1636 2481 εἶναι

373 2504 560 2566 παριέναι.
589 2507 616 2553 1.
633 2521 673 2559 4.
689 2504 833 2560 Μηδὲν
851 2503 1236 2560 ἀπολογησομένους)
1253 2502 1306 2548 ὡς
1321 2499 1436 2556 μέγα
1451 2500 1604 2557 φρονῶν
1618 2497 1640 2542 ὃ
