1716 3190
342 251 403 285 ιο
630 235 1319 287 Tl-IUCYDIDIS

340 321 563 397 ma’Ayag
574 368 585 387 ‚
602 330 864 419 αἰσθόμενος
875 354 1043 387 ταυτα,
1059 330 1188 404 οίνὸρα
1202 330 1484 423 Σπαρτιατην
1497 328 1612 407 Θερ-

337 430 477 479 μωνα.
501 411 583 465 τοῖς
608 399 652 459 δε
662 408 1024 504 Λακεδαιμονίοις
1049 431 1207 480 πρωτον
1226 432 1302 480 μεν
1327 404 1569 475 ἡγγέλθη’
1544 432 1606 462 οτι

340 490 390 536 αἱ
409 507 491 544 νηες
505 481 744 554 ανηγμέναι
759 482 857 536 εἰσ-ιν
874 487 922 535 ἐκ
933 508 1003 536 του
978 484 1192 555 ἰσθμοῦ
1204 483 1358 558 (ecpnro
1378 507 1468 554 γαρ
1478 523 1491 541 ,
1507 484 1608 538 ὁταν

338 557 512 625 γένηται
537 561 675 615 τοῦτο,
704 557 964 628 Ἀλκαμένει
999 556 1083 612 ὑπο
1111 585 1189 613 των
1215 560 1424 652 Ἐφορων,
1456 558 1604 613 ‘mica

336 631 563 707 πέμψαι)
590 659 668 688 και
694 634 807 694 εὐθυς
836 659 917 694 τας
941 658 1068 709 παρα
1095 636 1223 698 σφων
1250 634 1371 690 πέντε
1401 660 1498 695 ναυς
1522 659 1605 689 και

335 709 637 764 Χαλκιὸεα’
604 734 794 802 αρχοντα
814 735 893 764 και
913 712 1200 774 Ἀλκιβιαοῗην
1217 714 1312 782 μετ’
1331 713 1459 764 αυτοῧ
1479 710 1606 775 ἐβου-

336 801 455 841 λοντο
480 785 683 858 πεμπειν·
711 811 862 840 επειτα
887 811 1134 860 ωρμημενων
1160 788 1320 844 αὐτων,
1342 812 1403 841 τα
1420 810 1513 862 περι
1531 811 1605 850 την

337 887 376 916 εν
391 888 451 938 τῳ
428 865 665 937 Πειραιω
679 888 757 916 των
777 887 868 916 νεων
886 858 1159 929 καταφυγὴ
1175 861 1388 930 ἧγγελθη.
1406 887 1484 917 και
1504 867 1606 917 αθυ-

335 939 552 1011 μῆσαντες
577 965 636 992 οτι
664 962 822 1012 πρωτον
850 939 1078 1009 ἁπτόμενοι
1105 940 1176 991 τοῧ
1202 941 1379 993 Ἰωνικοῦ
1408 938 1605 1010 πολεμου

336 1039 575 1072 emam-av,
591 1039 671 1075 τας
685 1040 782 1074 ναυς
799 1012 944 1080 [τας]
934 1038 982 1067 εκ
994 1039 1065 1076 της
1079 1014 1234 1068 ἑαυτων
1249 1014 1382 1069 οὐκέτι
1396 1017 1604 1070 ὃιενοουντο

337 1091 546 1183 πέμπειν,
568 1090 707 1144 ἄλλα
731 1097 816 1144 καί
830 1114 949 1149 τινας
973 1089 1296 1164 προανηγμένας
1318 1095 1601 1162 μετακαλεῖν.

410 1162 487 1232 ιβ.
512 1166 615 1220 Γ
557 1192 641 1227 νους
661 1160 741 1220 δε
724 1192 743 1219 ο
764 1168 1051 1229 Ἀλκιβιάδης
1071 1171 1198 1220 πείθει
1219 1165 1336 1227 αὐθις
1347 1159 1503 1222 'Erdiov
1521 1166 1601 1221 και

331 1270 425 1305 τους
444 1245 611 1303 αλλους
630 1244 829 1318 Ε’φορους
846 1269 910 1314 μη
933 1266 1178 1306 αποκνηο-αι
1197 1268 1261 1298 τον
1279 1245 1436 1325 πλοινν,
1456 1243 1600 1311 λέγων

329 1424 417 1451 nem
431 1440 444 1459 ,
472 1411 606 1451 virum
630 1410 858 1464 Spartanum
870 1441 882 1459 ,
906 1408 995 1464 ipfis
1011 1408 1120 1450 misit.
1138 1408 1308 1451 Fuerant
1322 1421 1453 1452 autem
1473 1411 1514 1452 δι
1529 1411 1601 1452 La-

326 1482 566 1524 cedaemonii
589 1482 666 1520 iam
688 1491 777 1521 ante
802 1481 987 1521 certiores
1012 1479 1101 1520 faffi
1123 1480 1169 1520 de
1190 1482 1353 1522 navium
1373 1481 1529 1524 diseeffu
1548 1482 1599 1522 ab

326 1553 487 1594 isthmo:
503 1552 733 1607 (Alcameni
751 1552 853 1592 enim
874 1552 923 1592 ab
934 1552 1098 1606 Ephoris
1111 1553 1342 1607 imperatum
1360 1552 1506 1602 fuerat,
1528 1564 1592 1602 ut,

325 1635 418 1663 cum
446 1621 527 1662 hoc
557 1620 694 1671 fieret,
721 1620 893 1675 equitem
923 1620 1113 1671 mitteret,
1145 1621 1213 1676 qui
1247 1621 1368 1663 clasfis
1399 1622 1596 1664 discessum

321 1693 411 1748 ipsis
439 1692 720 1747 fignificaretr)
743 1693 786 1733 δι
802 1692 930 1733 statim
950 1693 1124 1747 quinque
1144 1705 1291 1743 naves,
1315 1707 1412 1748 quas
1436 1694 1539 1749 apud
1556 1693 1595 1736 se

323 1763 538 1811 habebant,
567 1763 610 1804 δι
635 1763 887 1804 Chalcideum
914 1764 1077 1814 ducem,
1100 1764 1142 1804 δι
1170 1763 1407 1804 Alcibiadem
1427 1777 1518 1805 cum
1541 1777 1595 1805 eo

322 1833 477 1873 mittere
495 1832 694 1873 volebant.
726 1832 879 1873 Deinde
906 1846 1007 1873 vero
1031 1846 1123 1874 cum
1156 1832 1214 1873 isti
1234 1833 1280 1873 ad
1309 1832 1594 1888 profeffionem

319 1901 457 1942 animis
477 1900 594 1942 essent
611 1900 834 1956 propensis,
853 1901 896 1942 δι
918 1902 1064 1944 Chium
1089 1914 1220 1957 petere
1239 1914 1514 1956 properarent,
1529 1904 1592 1943 in-

318 1980 424 2011 terea
445 1969 758 2011 Lacedaemoniis
781 1970 917 2012 allatus
943 1970 998 2012 est
1026 1971 1186 2012 nuntius
1215 1971 1262 2012 de
1285 1970 1592 2025 Peloponnesia-

317 2044 374 2084 cis
396 2043 583 2092 navibus,
609 2055 709 2097 quae
731 2042 772 2082 in
796 2042 974 2083 Piraeum
1001 2041 1094 2096 fuga
1110 2041 1149 2083 se
1171 2053 1406 2097 receperant.
1431 2041 1590 2096 Quam-

316 2112 454 2154 obrem
473 2113 612 2153 animis
634 2112 887 2163 consternati,
913 2111 1022 2166 quod
1046 2112 1086 2152 in
1105 2111 1244 2153 lonico
1269 2112 1373 2153 bello
1397 2122 1492 2153 tunc
1510 2112 1590 2166 pri-

315 2196 424 2223 mum
462 2181 640 2238 suscepto
665 2182 928 2233 offendissent,
958 2170 1134 2231 classem,
1163 2197 1283 2238 quam
1310 2196 1361 2224 ex
1385 2181 1458 2225 suo
1490 2196 1589 2238 agro

313 2252 352 2295 se
373 2251 549 2294 missuros
565 2253 841 2308 promiserant,
864 2254 965 2295 haud
991 2254 1156 2308 amplius
1176 2256 1355 2304 mittere,
1375 2254 1497 2295 immo
1515 2267 1588 2296 ve·

313 2335 361 2362 ro
388 2322 453 2363 vel
480 2321 688 2363 nonnullas
714 2335 855 2372 naves,
883 2335 986 2376 quae
1010 2323 1088 2363 iam
1114 2320 1374 2370 discesserant,
1397 2335 1585 2364 revocare

311 2390 539 2432 statuerunt.

365 2460 453 2502 ΧΠ.
484 2459 614 2514 Quod
647 2474 738 2501 cum
760 2459 1000 2502 intellexisset
1026 2460 1271 2510 Alcibiades,
1296 2459 1429 2503 rursus
1461 2461 1587 2504 Endio

307 2528 524 2584 ceterisque
554 2529 723 2585 Ephoris
744 2528 950 2584 persuasit,
971 2542 1021 2571 ne
1042 2542 1113 2585 per
1138 2541 1284 2573 metum
1309 2543 1334 2572 a
1361 2530 1472 2574 classe
1496 2533 1590 2579 mit·,
