1716 3190
315 176 416 231 488
717 166 1189 225 ΣΧΟΛΙΑ

374 269 477 319 Pag.
492 280 510 309 1
522 280 587 320 77.
607 268 632 309 l.
652 280 688 318 3.
707 266 766 309 ‘H
781 267 853 321 μὲν
873 268 918 318 δὴ
939 267 1157 324 ἐκεχειρία)
1173 269 1196 320 ἡ
1215 265 1414 320 ἀνακωχή
1435 266 1511 311 τοῦ
1524 267 1596 312 ποῖ

317 325 455 380 λέμου.
513 329 539 368 I.
565 341 600 377 5.
620 325 720 383 Περὶ
738 327 775 368 δὲ
799 327 873 370 τοὶς
890 328 1039 383 ἡμέρας
1061 328 1247 377 ταύὲτας)
1268 329 1291 379 ἡ
1315 329 1390 383 περὶ
1406 327 1498 370 ἀντὶ
1519 332 1594 379 τῆς

316 385 439 429 κατ-οὶ.
488 387 575 427 cad.
597 384 677 431 Αῑς
694 383 944 445 ἐπήρχοντο)
975 388 1030 435 εἰς
1051 386 1253 439 ἀλλήλους
1279 386 1462 443 ἑκάτεροι.
1508 389 1534 428 L
1555 394 1595 435 8.

318 442 464 499 Σφῶν)
487 448 607 498 η’γουν
626 448 701 488 τῶν
719 443 949 497 Πελληνῶν.
1001 471 1003 473 -
1303 487 1307 491 .

378 515 480 563 Pag.
503 527 518 554 1
531 520 595 564 78.
614 513 639 552 I.
661 526 698 563 9.
720 511 954 564 Ἀτολμίᾳ)
976 512 1019 553 δι’
1042 510 1253 566 ἀτολμίαν.
1285 513 1371 553 ead.
1390 509 1600 564 Ἀνάγκην

318 574 452 624 σφίσι)
478 576 559 614 τοῖς
579 570 813 615 Σκιωναίοις.
859 573 884 613 l.
901 586 916 612 1
931 586 965 612 1.
989 571 1081 613 Τῶν
1095 573 1299 626 μεγίςων)
1318 575 1438 625 ήγουν
1455 575 1533 614 τῶν
1549 570 1598 614 ἆ-

319 629 635 683 ναγκαιοτοέτων
652 663 662 678 ,
679 629 807 672 δεινῶν
828 630 1010 682 δηλονότι.

383 700 487 747 Pag.
510 709 602 748 179.
626 697 651 736 l.
674 710 710 736 1.
732 694 976 752 Ἐπήρθησοέν
997 697 1068 746 τε)
1087 694 1360 749 ἐπτερώθησαν.
1391 699 1417 738 I.
1444 710 1481 738 2.
1505 695 1600 739 Καὶ

324 754 379 802 οῖς
398 757 597 811 πρότερον)
621 758 766 807 ἤγουν,
781 756 948 810 θάρσους
967 756 1035 797 καὶ
1051 754 1217 806 ἀγαθῶν
1236 753 1406 799 ἐλπίδων.
1433 758 1504 807 I.3,
1519 756 1601 799 Τόν

325 831 371 858 τε
388 816 587 868 πόλεμον)
613 815 680 857 τὸν
695 812 775 858 ἀπὸ
799 818 876 858 τῶν
889 813 1119 864 Ἀθηναίων.
1147 816 1174 855 l.
1195 822 1232 861 8.
1252 813 1375 868 Διέβη
1389 811 1527 874 πάλιν)
1545 816 1600 860 εἰς

327 875 399 926 τὴν
417 874 595 930 Τορώνην
611 871 800 925 δηλονότι.
831 876 856 914 I.
881 888 918 925 9.
937 873 1188 929 Ἐπεραίωσε)
1207 874 1407 927 διεβίβασε
1424 874 1490 916 διὰ
1506 877 1602 927 νηῶν

329 935 384 979 εἷς
405 934 478 986 την
496 931 681 985 Σκιώνην.
711 933 737 977 Ζ.
754 948 770 974 1
781 950 818 975 0.
837 932 950 977 Μετ’
964 933 1111 984 αὐτῶν)
1133 935 1212 976 τῶν
1229 931 1462 976 Σκιωναίων.
1491 935 1516 976 l.
1531 946 1548 975 1
1562 947 1598 973 1.

329 992 580 1047 Ἡγοὺμενος
598 994 667 1035 καὶ
680 993 770 1036 τοὺς
792 989 1052 1050 Ἀθηναίους),
1071 995 1212 1045 ήγουν,
1238 993 1289 1037 ὡς
1311 992 1509 1037 ναυτικοὺς
1530 1007 1606 1035 τα·

329 1054 440 1106 χέως
454 1052 503 1096 ἂν
525 1050 641 1094 ἐλθεῖν
660 1053 712 1096 εἰς
731 1052 922 1107 βοήθειαν.
960 1054 987 1095 l.
1005 1067 1020 1092 1
1032 1065 1069 1094 2.
1091 1047 1274 1109 Φθοίσαι)
1292 1054 1432 1104 ἤγουν,
1455 1058 1603 1108 προλα·

329 1113 418 1168 βεῑν
439 1111 611 1157 ἐκείνους.
635 1113 660 1152 I.
679 1126 695 1152 1
707 1125 745 1162 4.
757 1111 964 1164 ’Ἐμελλεν
981 1111 1236 1166 ἐγχειρήσειν)
1255 1109 1449 1162 ἐπιθήσειν.

391 1182 490 1231 Ραὲ,
519 1188 612 1226 180.
628 1180 653 1220 I.
677 1192 715 1221 2.
739 1177 1002 1232 Ἀφικνοῦντο
1025 1177 1112 1231 πας’
1138 1177 1288 1225 αὐτὸν)
1312 1177 1380 1219 τὸν
1399 1171 1609 1233 Βρασίδαν.

332 1243 359 1282 l.
381 1254 420 1290 4.
440 1238 571 1281 Πάλιν
588 1238 719 1292 διέβη)
735 1236 814 1281 ἀπὸ
835 1243 905 1287 τῆς
927 1237 1107 1288 Σκιώνης.
1135 1238 1161 1278 l.
1184 1251 1220 1289 7.
1242 1236 1442 1291 Κατήνει)
1463 1240 1609 1280 συνετί-

333 1306 450 1347 θετο,
467 1298 675 1342 κατένευσε
692 1300 887 1340 συναινῶν.
916 1299 942 1341 l.
961 1312 1026 1347 14.
1036 1295 1232 1350 ’Ὲφασαν
1251 1292 1419 1355 αὐτοῦς)
1436 1297 1525 1344 τούς
1539 1296 1612 1341 Ἀ-

336 1363 527 1411 Βηναίους.
559 1359 644 1400 ead.
663 1356 752 1400 Καὶ
769 1361 839 1410 τῆς
860 1353 1030 1415 πόλεως)
1053 1359 1123 1408 τῆς
1142 1355 1323 1407 Σκιώνης.

396 1429 498 1478 Pag.
514 1441 529 1468 1
541 1435 606 1474 81.
621 1428 647 1467 l.
664 1439 704 1468 2.
719 1424 816 1482 Περὶ
837 1424 963 1477 αὐτῆς
979 1425 1201 1481 κρίνεσθαι)
1223 1427 1294 1475 τῆς
1310 1420 1488 1474 Σκιώνης.
1523 1425 1550 1464 I.
1568 1439 1611 1476 4.

314 1484 459 1539 -quffiv
478 1484 728 1539 ἀφίςασῧαι)
753 1489 828 1528 τῶν
847 1483 1077 1535 Ἀθηναίων.
1125 1485 1151 1525 l.
1176 1498 1211 1533 5.
1229 1482 1367 1534 Ἰσχύῑ
1385 1480 1610 1543 ἆνωφελεῖ)

337 1552 472 1593 λείπει,
493 1544 532 1587 ἐν
553 1546 755 1599 θαλάσση.
800 1546 826 1587 Z.
846 1557 882 1597 7.
901 1543 985 1587 Δύο
1003 1542 1082 1599 γοὶς
1106 1543 1264 1599 ἡμέραις
1288 1542 1440 1598 ὕςερον)
1466 1545 1611 1595 ἤγουν,
1675 1605 1679 1608 ⁴
1704 1538 1706 1542 ’

336 1604 448 1660 μετὰ
467 1605 540 1656 τὴν
557 1604 782 1659 ἐκεχειρίαν.
1145 1639 1152 1645 .

399 1673 502 1722 Pag.
523 1680 619 1718 182.
635 1673 661 1713 l.
688 1685 724 1713 1.
743 1670 927 1726 Φανερῶς
945 1671 1265 1726 προσεχώρησαν)
1295 1670 1384 1715 ἀντὶ
1409 1674 1480 1715 τοῦ
1501 1671 1612 1716 {nou-⁴

344 1732 444 1777 σΙως.
463 1732 559 1774 ἄνευ
575 1731 784 1784 προδοσίας.
824 1732 850 1771 l.
875 1744 914 1780 4.
933 1728 1114 1772 Μᾶλλον
1127 1730 1374 1784 ἐτόλμησαν)
1393 1731 1609 1788 ἐθοέρῤησαν

339 1789 526 1846 προσιέναι
547 1793 604 1843 τῷ
623 1789 813 1845 Βρασίδᾳ.
840 1791 927 1831 ead.
943 1788 1105 1842 Γνώμην
1122 1790 1279 1839 ὁρῶντες
1298 1791 1479 1844 ἑτοίμην)
1497 1793 1548 1837 εἰς
1565 1792 1626 1842 τὸ,
1689 1787 1693 1793 “

339 1849 541 1905 βοηθῆσαι.
585 1851 610 1891 Ζ.
631 1853 668 1890 6.
681 1849 773 1892 Ὅτι
791 1849 834 1891 οὐ
854 1846 1075 1906 προύδίδου)
1095 1850 1112 1891 ὁ
1132 1847 1337 1905 Βρασίδας.
1386 1853 1412 1892 I.
1438 1866 1455 1893 1
1468 1866 1504 1895 1.
1519 1849 1614 1901 Ἐπ’,
1691 1879 1694 1884 ·

341 1907 576 1965 ἀμφοτέρας
590 1908 666 1954 τοὶς
688 1909 832 1959 πόλεις)
851 1913 921 1960 την
939 1907 1106 1960 Μένδην
1123 1914 1189 1950 καί
1205 1907 1389 1962 Σκιώνην.

403 1979 503 2028 Pag.
526 1992 542 2017 1
554 1984 619 2028 83.
643 1978 667 2016 I.
690 1989 724 2027 3.
743 1975 833 2019 Καὶ
848 1978 881 2017 οἱ
894 1972 985 2027 μὲν,
1003 1973 1059 2017 τοὶ
1079 1975 1159 2029 περὶ
1177 1978 1286 2028 σφᾶς
1302 1976 1460 2029 αὐτοῦς)
1477 1979 1513 2019 οἱ
1525 1978 1614 2020 ὑπο-

344 2035 565 2088 λειφθέντες
585 2036 625 2077 ἐν
642 2034 793 2090 Σκιώνη
819 2035 887 2078 καὶ
902 2034 1057 2088 Μένδῃ.
1118 2036 1145 2075 l.
1169 2039 1206 2078 6.
1226 2034 1319 2078 Koa*
1330 2035 1445 2090 ἦγον,
1465 2037 1484 2080 ὂ
1501 2033 1611 2096 μὲν)

343 2098 469 2148 ἤγουν
487 2096 505 2138 ὁ
524 2093 754 2150 Περδίκκας.

404 2165 507 2214 Pag.
526 2177 542 2204 1
553 2171 620 2212 84.
636 2164 662 2204 I.
680 2177 715 2204 1.
731 2161 837 2207 Τοὺς
853 2159 1097 2213 Λυγκηςοὶς)
1115 2160 1205 2207 ’τοὺς
1226 2162 1302 2218 περὶ
1314 2163 1380 2206 τὸν
1395 2161 1613 2219 Περδίκκαν

346 2227 415 2264 καί
432 2221 647 2276 Βρασιδαν.
675 2223 702 2262 I.
718 2226 756 2264 6.
771 2219 876 2264 Ἀπὸ
896 2225 966 2265 τοῦ
979 2222 1127 2274 λόφου)
1145 2224 1215 2264 τοῦ
1227 2223 1372 2266 οἰκείου.
1402 2225 1427 2264 L
1449 2237 1485 2274 9.
1497 2222 1549 2265 01
1568 2222 1611 2265 δὲ

346 2284 489 2330 λοιποὶ)
513 2280 741 2333 Λιυγκηςαί.
800 2283 826 2322 I.
845 2296 862 2323 1
875 2295 912 2323 1.
936 2281 1132 2335 Τροπαῖον
1150 2278 1365 2340 ςήσαντες)
1390 2284 1426 2324 οἱ
1441 2282 1522 2336 περὶ
1540 2281 1609 2324 τὸν

345 2338 555 2395 Βρασίδαν.
586 2342 672 2381 ead.
689 2339 773 2383 Δύο
787 2340 860 2392 μὲν
876 2340 898 2392 ἢ
915 2345 1012 2395 τρεῖς
1026 2339 1172 2395 ἡμέρας
1187 2340 1371 2393 ἐπέσχον)
1385 2339 1530 2385 αὐτοὺς
1546 2339 1610 2392 δι,-

347 2401 476 2441 λονότι
491 2400 602 2441 κατὰ.
623 2399 692 2442 τὸν
713 2401 891 2452 πόλεμον.
935 2401 960 2440 l.
982 2414 997 2440 1
1009 2413 1046 2441 2.
1062 2399 1120 2444 Οἳ
1131 2403 1276 2453 ἔτυχον
1295 2403 1352 2451 τῷ
1368 2395 1602 2458 Περδίκκᾳ)

345 2462 487 2511 ἤγουν,
505 2462 543 2503 οὶ*
559 2460 722 2513 ὲζιιελλον
738 2461 850 2517 ἥξειν.
877 2461 902 2506 l.
919 2473 935 2502 1
946 2473 984 2512 4.
1004 2457 1096 2504 Ἐπὶ
1112 2458 1189 2506 τοὶς
1205 2461 1277 2504 τοῦ
1291 2457 1518 2516 ’.Αρῤιβαίου
1535 2461 1608 2508 καὶ·
1672 2508 1678 2510 .
