1716 3190
368 223 462 272 ομ
572 210 1445 264 ANNOTATIONES

364 311 544 357 tempore
573 302 736 344 Graecia
762 302 842 344 fere
874 303 1040 358 pagatim
1069 302 1237 343 habitata
1270 314 1363 344 erat.
1388 303 1645 359 τειχιόεσσαν

365 355 492 410 inquit
517 357 644 398 Schol.
664 358 704 398 in
719 357 822 397 Iliad.
841 356 891 404 β’,
910 371 951 398 v.
981 371 1076 412 559,
1099 357 1183 398 ἐπεὶ
1203 357 1315 398 δοκεῖ
1330 356 1404 398 ὑπο
1424 361 1642 402 Κυκλώπων

363 411 624 466 τετειχίσθαι.
649 411 772 452 Reae
787 422 934 453 sturres
965 411 1064 452 inter
1085 410 1311 466 Cyclopum
1342 413 1501 454 inventa
1527 415 1639 469 ponit

363 465 467 518 apud
485 465 651 506 Plinium
677 464 917 506 Aristoteles.
941 465 1082 519 virgil.
1114 467 1301 520 Cyclopum
1325 466 1461 507 edukh
1487 469 1638 508 caminis

366 519 513 558 Moenia
534 519 713 573 conspicio.
739 519 799 558 Ibi
819 534 846 568 4
870 518 956 559 Mff.
979 518 1143 560 Cantab.
1167 518 1352 574 scriptura
1372 521 1526 560 veriore
1548 523 1639 562 vire.

362 575 416 612 fla
434 573 628 613 exhibent.
645 572 799 620 Statius,
819 574 995 626 Monstrat
1012 574 1198 627 Cyclopum
1211 575 1344 615 du&as
1353 574 1558 626 fhmacibus
1574 592 1635 616 ar*

362 642 428 665 ces.
452 627 654 680 Euripides
673 627 720 666 de
743 627 925 678 Mycenis
956 627 1072 667 Ele&
1098 640 1138 668 v.
1164 641 1286 681 1157,
1304 628 1479 678 Ἱιιιίμενον
1499 628 1551 669 εἰς
1575 629 1636 669 o'e'·

362 694 470 728 κους,
498 684 768 720 ΚΎΚΛΩΠΕΙΑ
789 682 825 719 ’τ’
850 681 1061 720 ὈὙῬΑΝΙΑ
1090 681 1217 734 τείχε’
1244 682 1320 722 &c.
1341 681 1478 735 Atque
1501 683 1554 722 ita
1578 683 1634 724 sa-

363 735 421 773 cri
442 734 513 775 scri
542 745 657 775 tores.
678 748 716 775 v.
732 734 902 774 Eustath.
921 735 962 774 in
977 733 1113 787 Odyff.
1132 737 1207 789 346
1218 765 1232 782 ‚
1249 736 1496 789 Antipatrum
1513 736 1634 778 Thes-

361 787 484 828 salum
545 788 666 829 nthol.
685 788 728 834 1,
748 788 843 838 146,
866 788 996 842 Steph.
1018 789 1058 827 'm
1076 788 1202 829 Voffii
1217 788 1316 829 Cod.
1329 790 1545 842 Τειχιόεις,
1562 791 1633 831 πό-

360 849 422 882 λις
437 842 637 883 Μιλησίοις.
658 843 702 882 ‘rb
723 840 853 882 ἑθνιιδον
872 841 1091 896 Τειχιονεύς.
1109 843 1334 884 Athenaeus
1350 843 1449 884 VIll
1469 844 1516 884 de
1526 843 1634 885 Stra-

359 897 494 937 tonico
518 896 775 937 Citharoedo:
800 895 835 936 ἐν
853 894 1066 951 Τειχιοῦντι
1086 895 1157 936 τῆς
1182 893 1349 939 Μιλήτου
1368 897 1560 951 φυγάέων
1583 898 1632 939 οἰ-

360 949 547 999 κούντων,
564 947 611 990 ὦς
633 949 722 1002 {capa
740 949 892 991 πάντας
910 949 998 990 τοὺς
1019 949 1163 999 τάφους
1180 949 1341 1002 ξενικοὺς
1361 951 1498 998 ὅντως,
1511 951 1633 992 ἀπίω-

356 1018 450 1056 μεν,
475 1004 539 1055 ἔφη
556 1035 569 1053 ,
593 1004 682 1043 παῖ.
707 1002 869 1044 ἐνταῦθα,
891 1006 977 1058 *γᾶς
996 1003 1030 1043 οἱ
1061 1003 1153 1056 ξένοι
1176 1003 1334 1046 ἐοίκασιν
1355 1003 1629 1057 ἀποθνήσκειν,

359 1059 434 1098 τῶν
452 1057 491 1098 θ’
512 1057 640 1099 ἀστῶν
655 1054 786 1098 οὐδείς.
803 1060 949 1099 WAss.
962 1057 1195 1111 Τειχιοῦντα
1213 1058 1257 1098 &
1277 1057 1528 1114 Τειχιοῦσσοιν
1545 1072 1630 1101 ean-

356 1114 444 1153 dem
465 1112 559 1160 effe,
572 1111 779 1153 ostendunt
791 1112 1014 1167 Leopardus
1029 1113 1068 1153 X
1083 1112 1279 1153 Emendat.
1301 1128 1327 1163 4
1338 1143 1354 1161 ,
1374 1113 1415 1155 δι
1428 1112 1628 1155 Casaubo-

355 1180 430 1207 nus
452 1168 498 1207 ad
523 1167 772 1206 Athenaeum
798 1166 897 1214 Vll,
917 1179 979 1206 20.

409 1225 484 1261 ead.
502 1221 526 1260 l.
559 1235 617 1261 12.
642 1220 781 1273 Δέρου)
803 1219 875 1260 Ar.
897 1221 1017 1275 Λέρου.
1036 1220 1151 1261 reite.
1173 1221 1263 1261 Una
1289 1218 1344 1261 est
1367 1232 1418 1260 ex
1445 1220 1626 1275 Sporadiss

358 1275 443 1316 bus.
468 1288 507 1314 v.
525 1274 689 1315 Plinium
712 1273 786 1324 IV,
806 1288 875 1321 12,
889 1275 946 1321 V,
966 1288 1011 1329 31
1028 1304 1042 1322 ,
1061 1274 1310 1315 Herodotum
1327 1275 1384 1324 V,
1406 1289 1506 1327 125,
1523 1275 1628 1316 Stra·

354 1330 448 1370 bon.
472 1329 586 1376 XIV,
609 1341 705 1382 437,
730 1329 771 1369 δι
795 1329 962 1383 Epitom.
991 1343 1027 1382 p.
1055 1342 1157 1382 137,
1182 1328 1422 1369 Dinarchum
1443 1329 1545 1382 apud
1569 1329 1626 1371 D.

352 1384 547 1424 Halicarn.
563 1383 682 1424 Tom.
701 1382 760 1430 ΙΙ,
772 1396 810 1436 p.
831 1397 846 1422 1
859 1382 904 1422 18
917 1412 930 1429 ,
947 1381 1098 1422 Anton.
1118 1379 1332 1423 Liberalem
1349 1396 1382 1423 c.
1404 1397 1426 1422 2
1438 1413 1451 1432 ,
1470 1383 1624 1425 Aelian.

350 1439 399 1478 de
418 1437 586 1478 Animal.
606 1435 684 1483 IV,
705 1451 778 1486 42,
798 1436 952 1476 Suidam
976 1450 1018 1476 v.
1039 1437 1254 1489 Φερεκὺἓης.
1277 1438 1427 1477 WASS.
1449 1436 1555 1491 Λέρου
1570 1438 1625 1478 le-

351 1492 520 1546 gendum
540 1490 630 1538 effe,
652 1490 730 1530 iam
751 1490 902 1531 viderat
919 1489 1133 1530 palmerius.
1146 1491 1186 1531 in
1206 1490 1477 1532 Exercitation.
1503 1505 1540 1545 p.
1560 1492 1622 1544 56.

404 1546 497 1600 Pag.
523 1559 586 1595 42.
616 1546 640 1584 l.
668 1559 704 1594 4.
728 1547 853 1594 Σφετέ
872 1543 957 1598 οιις)
978 1540 1112 1585 ''Eo-⁷21
1135 1555 1225 1586 ante
1251 1545 1528 1598 ἀγωνίσασδοιι
1553 1545 1622 1586 de-

346 1599 503 1694 ljendur?
530 1597 657 1640 censet
672 1597 814 1639 Heilm.
836 1561 879 1639 ἐι
893 1610 984 1639 cum
1006 1597 1202 1652 σφετέραις
1224 1597 1580 1653 subintelligendum
1600 1598 1621 1640 ὅ
1706 1641 1711 1643 ‚

347 1668 375 1694 οι
409 1654 453 1695 ὼν
471 1653 596 1694 'own
686 1695 689 1698 ,

375 1669 494 1761 ὙΡαὲ.
520 1721 583 1757 44.
608 1707 632 1746 l.
665 1720 702 1756 4.
724 1700 882 1760 Ἴασον)
906 1706 966 1746 Ita
993 1718 1016 1746 a
1044 1705 1098 1746 ud
1121 1704 1295 1746 nostrum
1316 1704 1436 1754 VIII,
1465 1705 1534 1755 26,
1567 1706 1618 1761 36

349 1762 393 1802 &
419 1775 490 1816 54,
508 1762 707 1802 Laertium
722 1759 786 1808 11,
810 1774 853 1800 11
867 1774 880 1799 1
898 1790 913 1807 ,
934 1761 993 1800 Ar
1042 1759 1223 1800 estratum
1245 1760 1349 1815 apud
1367 1759 1617 1802 Athenaeum
1700 1787 1706 1809 ς

341 1815 423 1862 ΠΙ,
439 1830 475 1870 ρ.
501 1820 575 1868 ιος
590 1844 601 1863 ,
619 1813 811 1856 Plutarch.
825 1814 872 1855 de
890 1813 1057 1855 sollertia
1075 1814 1230 1855 animal.
1249 1827 1288 1868 p.
1301 1813 1397 1868 984,
1415 1814 1511 1854 &in
1530 1814 1616 1855 No.
1696 1816 1702 1844 ἒ

340 1870 425 1909 titia
446 1869 658 1924 Episcopat.
680 1869 831 1909 Aelian.
853 1870 900 1910 de
918 1867 1088 1908 Animal.
1112 1867 1194 1917 VI,
1221 1882 1266 1921 ις
1280 1897 1296 1915 ,
1320 1868 1362 1908 &
1388 1868 1517 1908 Suida.
1539 1868 1615 1910 Po-

338 1923 474 1976 lybius
495 1936 584 1965 cum
604 1937 656 1963 σσ
676 1923 717 1963 &
738 1922 896 1972 Livius;
915 1922 977 1962 sed
997 1922 1037 1962 hi
1054 1921 1142 1962 libri
1163 1923 1202 1962 in
1220 1921 1379 1976 Geogra
1407 1922 1502 1963 hicis
1523 1935 1612 1963 cor·

339 1978 562 2032 ruptiffimi:
589 1976 641 2017 fic
660 1988 787 2017 tamen
811 1977 854 2017 δι
875 1976 1121 2017 Ptolemaeus
1146 1977 1264 2016 etiam
1292 1976 1334 2016 in
1397 1975 1422 2015 s.
1443 1975 1607 2018 Coislin.
1701 1980 1706 1986 ⁴

339 2032 510 2086 Appian.
529 2031 571 2072 &
593 2031 747 2072 Strabo.
771 2029 914 2070 Plinius
936 2030 979 2070 &
995 2030 1102 2070 Mela
1122 2043 1211 2071 cum
1231 2029 1376 2070 nostro.
1393 2031 1541 2070 WASS.
1563 2031 1612 2071 In

339 2086 500 2127 Laertio
521 2085 694 2126 Ἰοισσεὺς
716 2098 791 2140 pro
814 2083 959 2125 Ἰασεὺς
977 2083 1216 2125 scribendum
1235 2083 1388 2125 censent
1409 2083 1611 2125 Casaubo-

337 2140 472 2202 nusc&
489 2139 716 2194 Menagius,
734 2140 775 2180 δι
793 2132 931 2179 eodem
949 2139 1069 2180 modo
1086 2139 1127 2179 in
1145 2138 1262 2180 Suida
1280 2151 1322 2179 v.
1341 2138 1505 2192 Χοιρίλος
1521 2138 1610 2179 Me·
1683 2134 1716 2206 ’ᾗ

332 2206 485 2241 namus.
1208 2201 1218 2230 ,·
1682 2207 1702 2243 3.

385 2237 470 2289 ibid.
489 2246 700 2302 Ἀμόργης)
722 2247 887 2288 Servum
908 2246 1009 2301 regis
1023 2256 1143 2288 vocat
1158 2244 1377 2288 Andocides
1393 2243 1506 2286 Orat.
1523 2244 1612 2295 ΠῙ,“

332 2316 370 2356 Ρ·
385 2301 484 2409 12)ξὲ
499 2304 656 2409 §Tisi
681 2348 852 2406 ,Ὥσπερ
863 2350 1039 2447 ὑπέστη
1053 2353 1118 2394 De
1136 2353 1208 2395 hac
1230 2352 1511 2407 significatione
1529 2366 1607 2396 vo·
1675 2334 1714 2430 ξ’

328 2409 382 2450 cis
406 2406 586 2461 ὑφίστνμι
612 2410 651 2450 di
690 2423 757 2450 um
775 2408 829 2449 est
851 2409 898 2449 ad
916 2409 997 2448 Lib.
1041 2410 1095 2456 V,
1117 2420 1199 2462 cap.
1225 2421 1287 2461 39.
1672 2437 1694 2461 a

383 2464 475 2517 Pag.
496 2466 559 2514 46.
581 2464 607 2504 l.
627 2479 665 2516 7.
685 2465 741 2503 Ἐς
758 2465 838 2517 γᾶς
853 2460 1076 2503 πέντένοιῢς
1090 2462 1157 2501 καὶ
1171 2460 1407 2502 πεντήκοντα,
1425 2459 1513 2513 τρίοι
1529 2460 1604 2501 τά·
1676 2496 1689 2507 „

328 2528 459 2558 λαντοι
478 2517 607 2558 ἐδίδου
627 2516 697 2557 τοῦ
713 2516 856 2570 μηνος)
881 2516 1002 2556 Κεᾶε
1019 2516 1120 2556 vidit
1141 2514 1376 2565 Palmerius‚
1401 2514 1499 2556 hanc
1513 2514 1604 2555 scri·
1668 2522 1688 2562 ρ

328 2580 479 2625 pturam
507 2570 606 2612 stare
629 2585 709 2611 non
740 2569 855 2625 posse.
882 2571 981 2612 Nam
1012 2569 1039 2609 fi
1065 2569 1220 2622 singulis
1247 2568 1437 2609 mensibus
1464 2569 1503 2608 in
1529 2569 1602 2609 LV
1665 2561 1690 2611 7?-
