1716 3190
329 223 420 282 246
529 218 1397 270 ANNOTXATIONES

325 317 395 349 tat.
428 308 568 363 Itaque
604 322 694 350 cum
721 307 798 363 ipse
828 308 878 349 ab
908 308 1118 350 Herodoto
1150 308 1285 356 abeat,
1316 307 1454 350 frustra
1477 308 1515 349 in
1544 319 1597 350 eo

326 362 559 419 praesidium
583 362 790 404 sententiae
811 361 901 403 suae
950 364 1086 403 uaerit.
1114 362 1229 415 Quin
1251 363 1395 410 etiam,
1415 362 1445 403 si
1466 364 1597 404 Hero-

328 417 446 458 dotus
466 417 578 472 plane
604 418 731 464 idem,
759 417 867 470 quod
943 417 1160 463 eibomius,
1194 416 1361 467 dixisset,
1385 426 1515 458 tamen
1544 429 1597 458 ex

330 483 383 511 eo
401 471 576 511 nondum
595 484 669 525 pro
691 469 900 511 certiffimo
912 469 1162 511 demonstrari
1185 469 1330 526 poffet,
1354 468 1612 526 Peloponne?

328 523 407 566 fios
422 524 592 578 aliosque
603 524 781 567 Graecos
796 535 893 565 tunc
905 524 1065 565 eandem
1076 555 1088 574 ,
1102 537 1219 578 quam
1234 524 1329 566 olim
1345 525 1385 564 in
1405 524 1596 565 instruen-

329 578 378 618 da
397 578 508 620 classe
526 580 722 626 Xerxem,
739 579 930 619 rationem
950 577 1237 620 secutosfuiffe.
1259 579 1291 620 E
1311 579 1443 620 verbis
1463 579 1599 620 Xeno-

301 655 306 666 ·
329 632 490 686 phontis
515 634 638 686 prima
657 631 780 686 specie
811 632 1009 686 aliquanto
1037 633 1204 687 apertius
1233 632 1388 674 videtur
1412 645 1596 687 apparere

329 686 369 726 id
383 715 394 733 ,
421 687 527 740 quod
554 686 601 727 de
627 686 799 734 ducentis
822 687 861 725 in
885 686 1054 740 qualibet
1075 686 1220 726 triremi
1243 686 1460 727 hominibus
1485 687 1596 740 ponit

330 740 581 781 Meibomius.
605 740 707 780 Nam
742 739 965 794 Xenophon
985 739 1004 780 1
1027 739 1125 780 nist.
1148 740 1289 781 Graec.
1315 753 1401 794 pag.
1429 754 1503 791 44¹
1539 741 1596 780 di-

330 794 407 841 cit,
426 794 586 847 Cyrum
597 794 787 836 iuniorem
801 793 955 847 fingulis
968 794 1092 834 nautis
1112 793 1479 848 Peloponnesiorum
1497 794 1598 835 diur-

330 860 406 891 nos
428 858 508 888 tres
531 849 674 889 obolos
688 879 703 896 ,
735 847 777 888 &
802 848 840 887 in
862 847 1028 901 singulas
1053 860 1174 888 naves
1201 847 1412 888 menstruas
1437 849 1597 902 triginta

331 903 455 942 minas
477 902 652 955 stipendii
671 903 831 943 nomine
852 901 998 942 dediffe.
1019 902 1133 942 Unde
1145 901 1335 949 efficitur,
1354 901 1507 956 singulis
1525 915 1596 943 na·

331 956 448 997 vibus
472 957 659 997 ducentos
681 957 792 996 viros
812 955 949 996 vectos
971 954 1092 996 fuiffe.
1109 954 1212 996 Cum
1234 955 1335 996 enim
1357 957 1512 996 trivinta
1533 956 1600 996 mi-

331 1023 406 1050 nae
433 1008 573 1051 faciant
591 1011 666 1050 tria
687 1010 801 1050 millia
824 1010 1116 1057 drachmarum,
1137 1009 1178 1049 in
1206 1008 1378 1063 singulos
1399 990 1486 1051 flies
1506 1022 1598 1051 ero—

333 1075 447 1127 gatae
470 1064 630 1105 fuerunt
655 1074 810 1105 centum
836 1064 1064 1111 drachmae,
1091 1063 1129 1103 id
1150 1062 1204 1104 est
1218 1093 1229 1112 ,
1257 1063 1414 1105 trioboli
1433 1064 1600 1105 ducenti.

332 1119 405 1159 bed
430 1119 523 1159 haec
544 1119 644 1159 ratio
674 1129 758 1159 tum
781 1119 936 1159 demum
954 1118 1058 1158 recte
1084 1116 1294 1165 constaret,
1319 1116 1349 1160 fi
1373 1131 1509 1159 omnes
1542 1117 1598 1159 illi

334 1172 511 1220 ducenti,
534 1186 634 1227 quos
654 1173 694 1212 in
709 1172 876 1227 qualibet
889 1173 983 1212 navi
1002 1170 1111 1212 fuiffe
1124 1172 1320 1212 contendit
1334 1172 1575 1212 Meihomius
1585 1203 1599 1222 ,

331 1227 431 1267 idem
457 1229 620 1267 omnino
636 1226 860 1280 stipendium
882 1225 1100 1266 meruiss'ent
1113 1257 1126 1275 ‚
1147 1238 1218 1267 nec
1239 1224 1332 1280 quis
1351 1238 1440 1266 uam
1457 1239 1597 1267 eorum

333 1282 543 1335 quidquam
565 1290 716 1335 praeter
744 1291 823 1321 tres
841 1280 983 1321 obolos
1005 1282 1044 1319 in
1069 1280 1169 1320 diem
1188 1280 1316 1334 accepi
1347 1290 1397 1320 et.
1422 1281 1504 1320 Iam
1529 1293 1599 1320 ve:-

332 1347 382 1375 ro
413 1349 502 1376 cum
527 1335 639 1389 plane
659 1333 858 1390 probabile
878 1333 950 1383 fit,
980 1334 1086 1387 quod
1111 1334 1158 1374 ad
1188 1333 1489 1388 Xenophontem
1518 1347 1599 1388 pus·-

334 1399 389 1429 tat
406 1388 634 1437 Palmerius,
659 1389 959 1444 gubernatores,
981 1387 1174 1441 aliosque,
1196 1388 1264 1441 qui
1287 1387 1508 1429 honestiore
1527 1388 1600 1428 ali-

315 1456 417 1497 ,quo
438 1443 571 1484 officio
595 1444 635 1482 in
657 1444 750 1483 navi
774 1442 1049 1496 fungebantur,
1070 1442 1157 1495 plus
1179 1455 1296 1496 quam
1319 1452 1467 1483 ceteros
1488 1450 1599 1490 acce,-

334 1496 450 1552 piffe,
466 1497 508 1538 &
528 1497 695 1552 remiges
715 1495 837 1551 ipsos,
859 1496 966 1550 quod
984 1508 1055 1536 nec
1069 1495 1304 1536 Meibomius
1324 1506 1460 1549 negat,
1479 1496 1598 1536 alium

334 1551 413 1592 alio
436 1551 524 1605 plus
542 1549 716 1605 stipendii
734 1549 876 1596 tulisse,
895 1563 918 1590 e
933 1549 1140 1591 Scholiaste
1166 1549 1436 1604 Aristophanis
1447 1550 1493 1590 ad
1515 1549 1598 1590 Ra-

334 1618 404 1646 nas
426 1619 466 1646 v.
493 1606 595 1645 1106
611 1635 623 1654 ,
648 1604 690 1645 &
713 1603 954 1646 eScholiaste
980 1603 1222 1655 Thucydidis
1243 1604 1292 1644 ad
1318 1603 1400 1651 VI,
1429 1618 1473 1658 31
1502 1617 1598 1644 con-

331 1659 430 1707 stet,
446 1659 728 1700 Meibomianas
746 1658 828 1699 illas
849 1659 1017 1699 rationes
1039 1670 1152 1699 ruere
1179 1657 1326 1698 neceffe
1347 1657 1412 1698 est.
1438 1657 1599 1710 Quibus

334 1712 503 1761 eversis,
527 1712 640 1753 facil-e
671 1713 916 1766 intelligitur,
951 1712 1261 1752 emendationem
1294 1710 1394 1752 illius
1407 1741 1422 1759 ,
1449 1710 1598 1752 etiamsi

330 1779 421 1807 eam
436 1781 570 1808 veram
591 1766 666 1807 effe
685 1778 824 1821 putare
837 1766 1004 1807 velimus
1015 1796 1029 1812 ,
1043 1777 1172 1806 tamen
1195 1766 1352 1806 minime
1370 1765 1491 1806 stabili
1508 1765 1598 1806 fun-

334 1821 520 1862 damento
533 1820 754 1875 superstrui:
769 1820 811 1861 &
825 1820 932 1874 quod
950 1820 998 1861 ad
1017 1819 1291 1860 inveniendum
1307 1832 1512 1860 numerum
1527 1820 1599 1860 du-

335 1886 539 1916 centorum
558 1875 759 1916 hominum
783 1875 822 1914 in
842 1873 997 1928 singulis
1012 1874 1233 1914 triremibus
1253 1873 1375 1915 verba
1395 1873 1602 1926 Thucydi-

335 1929 392 1969 dis
405 1960 418 1977 ,
438 1930 474 1970 ἐς
497 1931 577 1984 ’γὰρ
596 1929 707 1969 πέντε
731 1926 819 1969 ναῦς
838 1929 902 1968 κα.)
920 1924 1151 1970 πεντήκοντα.
1168 1925 1374 1982 τριάκοντα.
1394 1927 1477 1982 (ita
1493 1928 1598 1968 enim

336 1982 453 2036 legit,
478 1996 552 2037 pro
574 1981 691 2036 τρία)
713 1984 895 2023 τάλαντα
926 1981 1057 2022 {szsw
1079 1980 1150 2022 τοῦ
1179 1984 1314 2033 lambe,
1334 1982 1388 2021 ita
1411 1981 1600 2036 interpre-

335 2046 469 2085 tatur,
492 2036 600 2090 quasi
620 2035 890 2091 Tiss'aphernes
915 2034 1086 2083 dixisset,
1105 2033 1162 2085 se,
1182 2048 1274 2076 curn
1296 2048 1346 2077 ex
1375 2035 1490 2098 Ρειξὶο
1513 2045 1600 2075 tan-

334 2102 422 2131 tum
450 2090 591 2145 viginti
617 2089 760 2144 septem
789 2089 931 2131 talenta
953 2102 1045 2130 cum
1077 2089 1237 2130 dimidio
1261 2089 1302 2129 in
1322 2090 1601 2144 quinquaginta

337 2145 509 2199 quinque
529 2157 651 2186 naves
671 2144 846 2193 deberet,
862 2153 993 2184 tamen
1015 2143 1091 2185 hoc
1110 2142 1149 2183 in
1167 2142 1207 2183 se
1226 2143 1300 2184 reci
1351 2156 1418 2193 re,
1438 2154 1505 2190 ut,
1525 2144 1597 2183 do-

338 2211 412 2240 nec
434 2212 458 2238 a
475 2211 567 2253 rege
587 2197 808 2252 responsum
829 2196 1050 2252 accepisset,
1070 2196 1256 2238 summam
1274 2197 1298 2237 il
1314 2209 1376 2237 am
1397 2197 1446 2237 ad
1464 2197 1601 2250 trigin-

338 2262 381 2293 ta
399 2252 543 2292 talenta
565 2266 615 2293 au
642 2262 740 2300 eret,
761 2252 919 2307 perinde
939 2264 986 2292 ac
1002 2251 1032 2291 fi
1051 2250 1246 2304 sexaginta
1264 2263 1384 2291 naves
1402 2249 1521 2291 effent
1533 2281 1544 2299 ,
1562 2251 1600 2291 id

339 2306 433 2348 nihil
457 2306 562 2349 aliud
579 2319 601 2347 e
632 2310 691 2356 e‚'
723 2319 813 2346 uam
835 2306 957 2347 verba
978 2305 1025 2345 ad
1048 2315 1276 2359 conceptam
1298 2305 1429 2345 animo
1444 2305 1599 2358 opinio-

340 2373 431 2402 nem
465 2370 674 2414 torquere,
695 2319 744 2400 ‘gc
767 2373 817 2401 ex
845 2372 891 2401 ea
917 2372 1058 2400 vocem
1083 2357 1245 2399 fortaffis
1270 2371 1352 2399 non
1377 2368 1603 2411 corruptam

335 2414 555 2455 emendare.
580 2414 664 2455 Nec
699 2415 822 2467 magis
849 2413 1015 2467 probare
1038 2411 1213 2467 possum,
1238 2411 1348 2466 quod
1369 2411 1483 2459 dicit,
1503 2413 1603 2452 inter

338 2480 470 2521 regem
492 2467 534 2508 δι
556 2468 884 2510 Lacedaemonios
905 2465 1151 2512 convenisse,
1171 2476 1220 2518 ut,
1234 2478 1303 2506 rex
1327 2466 1444 2520 primi
1464 2465 1601 2506 mensis

337 2519 467 2565 ἰντελιῖ
484 2524 650 2574 necabit,
677 2522 718 2564 id
742 2521 824 2571 est,
849 2521 1069 2564 drachmam
1086 2550 1101 2570 ,
1124 2519 1259 2562 ceteris
1288 2531 1418 2563 autem
1448 2530 1601 2563 tantum
