1716 3190
347 209 443 270 284
547 209 1421 258 ANNOTATIONES

344 293 463 344 VIII,
491 309 589 352 133,
609 297 651 338 &
662 297 780 350 Lyfia
797 307 936 339 contra
962 298 1124 352 Agorat.
1139 311 1223 351 cap.
1237 297 1339 347 VII,
1358 298 1510 340 Ἐπειδὴ
1531 298 1578 340 ἒὲ
1593 295 1617 342 ὅ

344 348 537 391 ἐκκλησίαι
553 352 813 405 Μουνυχιέισιν
830 352 865 393 ἐν
887 351 942 402 τῷ
958 352 1106 405 θεάτρῳ
1123 352 1320 405 ἐγίγνετο.
1342 351 1390 392 Et
1404 365 1450 392 ca
1477 385 1487 394 .
1506 368 1564 407 13.

401 404 482 443 ibid.
503 405 654 456 Θέμενοι
681 408 737 446 τὰ,
759 405 892 460 ὅπλα)
915 407 1006 447 Hoc
1027 407 1136 446 varia
1160 404 1360 459 fignificat.
1379 406 1431 446 Vi
1460 437 1468 446 .
1489 408 1537 447 ad
1557 405 1619 454 Π,

348 471 399 503 2,
414 457 455 497 δι
468 456 542 506 IV,
561 473 638 509 44,
659 459 702 500 &
718 459 913 500 Valesium
934 460 982 500 ad
1003 460 1302 512 Harpocration.
1326 460 1368 499 in
1392 460 1550 511 θέμενος
1566 463 1624 502 τόο

346 510 470 551 ὅπλα.
489 510 748 553 casaubonus
763 513 810 552 ad
832 513 1002 566 Diogen.
1018 514 1145 554 Laett.
1166 513 1209 563 1,
1238 527 1286 566 57
1309 512 1495 562 scribens,
1516 515 1618 569 apud

347 565 619 619 Thucydidem
640 566 703 606 lib.
721 566 818 607 VIII
835 567 975 607 Βέσὲιαι
995 566 1103 607 ὅπλα
1132 567 1172 607 in
1198 568 1331 608 eadem
1358 566 1541 609 sententia
1563 584 1622 608 an-

349 634 408 660 ma
419 619 550 671 sumere
567 621 608 660 &
622 623 782 674 deponere
801 619 1031 674 significare,
1055 621 1208 661 videtur
1230 622 1276 661 ad
1295 620 1398 662 hunc
1415 621 1545 663 locum
1564 635 1620 663 re-

350 671 516 725 spicere,
535 675 576 714 δι
590 673 823 715 Scholiastae
843 675 1197 728 interpretationem
1243 674 1401 716 robare:
1418 689 1537 730 quam
1551 689 1622 724 nec

348 725 574 781 Leopardus
595 729 652 768 XI
674 728 940 769 Emendation.
958 742 1008 769 20
1024 689 1280 783 reprehendit.v

406 784 481 821 ead.
503 782 525 820 l.
548 782 585 822 6.
606 781 786 834 Ἡριιμένοι
799 813 812 832 ,
834 784 924 835 πρὶς
943 777 1078 823 αὖτοὺς
1095 781 1207 836 ἀνὴρ)
1227 782 1298 824 Gr.
1320 793 1468 823 mutata
1486 782 1620 825 distin·

352 832 503 883 ἂίοηε,
527 833 685 888 ᾑρημένοι
708 839 799 888 πρὶς
819 832 978 884 αὖτοὺς,
995 836 1096 887 ἀνήρ.
1115 835 1276 886 reffius,
1297 837 1448 889 opinor.

406 891 480 927 ead.
502 890 526 928 l.
546 890 584 929 8.
608 886 746 930 Αὗτούς
763 905 807 930 τε
823 886 1058 944 ἦσυχέιζειν)
1079 891 1299 940 Homerum
1319 889 1426 944 sequi
1443 891 1620 939 videtur,

352 943 455 996 apud
476 957 592 996 quem
610 943 753 991 Pallas,
766 947 831 985 Γον
850 943 887 983 θ’
906 944 1074 997 ἀγανοῖς
1092 944 1265 986 ἐπέεσσιν
1285 942 1517 997 {pheresaeus
1542 960 1622 984 mt-

348 998 525 1049 ραστὰς,
546 997 699 1048 Δαίμονι
711 1014 724 1046 3
750 995 790 1036 οὔ
818 1013 862 1037 σε
880 996 970 1038 ἐὀικε
998 1000 1112 1039 κακον
1133 995 1180 1040 ὣς
1211 997 1496 1039 seisa'oceczaa.
1520 998 1621 1038 Ἀλλ’

351 1045 468 1090 αὐτός
486 1065 528 1092 τε
549 1050 687 1092 κάθησο
705 1053 770 1091 καὶ
791 1050 930 1095 ἄλλους
947 1049 1052 1104 ἵδρυε
1072 1051 1200 1092 λαούς.
1221 1053 1369 1092 ΨΑεδ.

406 1105 500 1157 Pag.
519 1106 643 1159 151.l.
671 1121 686 1145 1
697 1121 730 1146 2.
752 1110 874 1162 Τάχα
887 1106 955 1157 μέν
971 1121 1009 1145 τι
1029 1105 1133 1160 aab)
1147 1104 1249 1147 Cafl:
1271 1108 1390 1160 ’τάχα
1406 1107 1476 1159 μέν
1491 1120 1530 1147 τι
1548 1106 1613 1148 καὶ

352 1157 448 1198 ἀπό.
468 1172 550 1199 non
569 1159 680 1200 male.
701 1159 790 1200 Vid.
813 1160 860 1199 ad
879 1173 962 1214 cap.
981 1159 1045 1213 83.
1608 1207 1611 1209 ,

410 1213 505 1265 Pag.
535 1228 624 1267 152.
642 1214 665 1253 l.
682 1229 718 1254 2.
741 1213 932 1269 Ἀνέχειν)
957 1214 1061 1254 Vide
1081 1212 1233 1254 Suidam
1252 1213 1290 1254 in
1305 1211 1451 1267 ἀνέχει.
1472 1215 1621 1254 WASS..

406 1270 480 1306 ead.
501 1268 526 1306 l.
552 1282 585 1321 3.
608 1266 672 1308 Ὦς
687 1266 754 1308 τοῦ
779 1267 873 1307 isiou
888 1268 1054 1319 πολέμου
1076 1267 1240 1320 μείζονος
1262 1269 1283 1308 ἢ
1307 1268 1385 1306 ἀπὸ
1408 1266 1482 1308 τῶν
1506 1280 1622 1309 πολε-

346 1318 470 1414 μίωνέ
485 1321 721 1361 Sententiam
739 1321 880 1362 horum
894 1323 1110 1362 verborum
1123 1334 1205 1363 non
1217 1321 1315 1362 male
1334 1321 1513 1375 expreffit
1526 1321 1621 1364 Por-

351 1385 426 1414 tus.
473 1375 518 1415 ed
538 1374 780 1423 testimonia,
798 1389 821 1416 e
840 1375 983 1429 quibus
1000 1375 1103 1416 hunc
1127 1375 1237 1416 usum
1256 1374 1430 1429 ellipseos
1454 1377 1620 1430 particu.

348 1426 412 1468 lae
435 1431 610 1482 negantis
637 1442 769 1484 patere
801 1441 935 1483 putat,
963 1443 1046 1470 non
1073 1430 1188 1470 nimis
1220 1430 1359 1478 idonea
1386 1428 1482 1470 sunt.
1514 1429 1616 1471 Nam

350 1483 459 1535 quod
476 1480 553 1538 οὐχ
566 1483 666 1524 ὅπως
678 1514 689 1532 ,
708 1481 785 1545 οὐχ
801 1479 871 1524 οἷον
882 1514 894 1530 ,
911 1484 952 1524 &
971 1483 1043 1524 alia
1054 1484 1244 1537 quaedam
1291 1497 1336 1524 ro
1353 1499 1422 1523 non
1439 1485 1536 1524 modo
1552 1500 1621 1525 noa

351 1537 556 1586 dicuntur,
582 1538 619 1577 id
640 1538 834 1592 peculiare
857 1536 910 1577 est
940 1537 997 1578 his
1025 1538 1234 1591 particulis.
1302 1550 1348 1578 ec
1374 1551 1426 1578 ex
1449 1536 1518 1577 illo
1542 1538 1621 1578 So-

352 1590 507 1656 phoclis
528 1591 567 1631 in
598 1591 756 1632 Philo&
785 1606 826 1633 v.
849 1592 927 1644 769
951 1590 1107 1640 ἑκόντα,
1126 1590 1216 1643 μήτ’
1239 1591 1412 1639 ἄκοντα,
1429 1603 1503 1646 pro
1520 1590 1620 1642 μήτε

352 1643 512 1693 εκόντα,
531 1642 631 1698 μήτε
651 1647 794 1687 ακοντα
805 1676 819 1693 ,
837 1646 1054 1686 communis
1067 1645 1158 1686 usus
1177 1645 1290 1686 huius
1306 1643 1483 1699 ellipseos
1495 1644 1622 1686 osten-

352 1700 393 1739 di
414 1699 549 1753 potest.
574 1700 675 1740 Nam
697 1702 854 1754 poetae,
876 1701 971 1753 quia
990 1711 1117 1740 metro
1137 1698 1442 1755 adstringuntur,
1460 1698 1573 1754 saepe
1593 1713 1619 1741 a

352 1753 539 1794 consueta
561 1754 714 1795 ratione
739 1754 924 1794 sermonis
946 1754 1102 1794 abeunt.
1129 1753 1356 1794 Scholiastes
1380 1753 1620 1806 Thucydidis

349 1808 370 1848 ὓ
391 1807 605 1848 tollendum
617 1838 632 1862 ἓ
655 1809 696 1851 &
718 1807 935 1849 Corinthus
957 1809 1018 1848 hic
1041 1809 1242 1862 παρέλκειν
1267 1807 1367 1848 dicit.
1397 1807 1484 1848 Hos
1515 1806 1622 1849 secu-

350 1872 414 1902 tus
442 1862 640 1909 Aeacius,
665 1863 883 1916 genitivum
903 1862 1064 1914 μείζονος
1093 1875 1179 1902 non
1201 1862 1248 1901 ad
1274 1862 1379 1916 prius
1403 1861 1619 1903 membrum

348 1913 417 1956 τοῦ
437 1915 534 1956 mov
552 1916 745 1967 πολέμου,
766 1915 828 1956 sed
846 1916 892 1956 ad
911 1916 1096 1970 posterius
1115 1917 1195 1957 ἀπὸ
1215 1915 1289 1957 τῶν
1309 1920 1496 1965 πολεμίων
1514 1928 1620 1956 retu-

348 1969 418 2019 lit,
440 1983 484 2010 ac
508 1971 624 2011 vertit
640 1999 651 2019 ‚
674 1971 785 2010 maius
803 1970 955 2034 intestino
975 1971 1153 2011 certamine
1173 1971 1217 2010 ab
1239 1970 1387 2024 hostibus
1406 1970 1537 2009 bellum.
1559 1968 1620 2011 lta

350 2024 452 2064 ordo
472 2025 683 2064 verborum
703 2023 806 2064 foret
817 2055 830 2071 ,
847 2038 896 2064 ως
912 2022 979 2064 τοῦ
995 2024 1075 2064 ἀπο
1089 2023 1163 2063 τῶν
1182 2024 1370 2075 πολεμίων
1384 2022 1553 2072 πολέμου
1567 2046 1614 2056 -

346 2078 513 2129 μείζονος
534 2075 601 2118 τοῦ
627 2077 738 2118 isiae.
766 2078 839 2119 Sed
860 2091 940 2118 non
967 2077 1090 2131 placet
1111 2078 1164 2118 H.
1192 2077 1389 2132 Stephano
1412 2077 1458 2117 ad
1477 2076 1621 2118 Corin-

349 2132 463 2172 thum
486 2133 604 2173 Artic.
626 2132 827 2179 XXXVI,
847 2132 908 2172 hic
930 2130 1043 2172 statui
1070 2130 1334 2186 pleonasmum
1357 2129 1423 2171 τοῦ
1443 2129 1476 2171 ὅ.
1495 2131 1543 2172 Et
1564 2131 1619 2172 est

349 2185 438 2226 sane
451 2216 463 2232 ,
483 2185 511 2225 fi
532 2199 602 2234 ea,
619 2199 738 2240 quam
759 2186 858 2235 dixi,
879 2185 1066 2226 structura
1087 2185 1299 2226 verborum
1323 2183 1396 2226 effe
1414 2184 1546 2235 debet,
1563 2186 1622 2226 in·

348 2239 496 2287 solens,
528 2241 572 2280 δι
601 2238 768 2281 fortaffis
796 2239 875 2280 fine
909 2239 1104 2294 exemplo.
1137 2240 1222 2280 Nec
1249 2249 1379 2279 tamen
1405 2237 1620 2292 Stephanus
1683 2246 1695 2256 ’·

379 2295 562 2347 uidquam
591 2307 664 2334 nos
693 2294 739 2334 ad
767 2293 1054 2347 intelligendum
1083 2293 1186 2333 hunc
1209 2293 1340 2334 locum
1369 2292 1502 2341 iuvat,
1527 2306 1618 2334 cum

367 2362 457 2389 uam
479 2348 524 2388 de
545 2361 596 2389 eo
626 2347 848 2388 sententiam
873 2361 954 2388 non
977 2348 1088 2388 dicat.
1122 2346 1320 2390 Affentior
1340 2345 1495 2399 quidem
1517 2346 1619 2387 Por-

349 2413 418 2450 to,
442 2403 552 2455 quod
578 2402 624 2442 ad
642 2401 790 2442 sensum
811 2401 1027 2442 verborum
1051 2401 1211 2450 attinet;
1237 2399 1300 2441 sed
1320 2412 1402 2440 non
1421 2410 1498 2440 tam
1520 2410 1619 2454 puto

349 2455 609 2509 supplendum
639 2455 714 2496 esse
746 2453 807 2505 οὐ,
832 2468 951 2509 quam
980 2455 1018 2494 id
1045 2453 1129 2509 post
1156 2453 1323 2504 πολέμου
1351 2452 1549 2503 excidisse,
1574 2455 1617 2495 δι

352 2509 630 2563 Thucydidem
648 2505 696 2552 ὦς
713 2508 784 2552 τοῦ
802 2509 896 2552 idum
916 2507 1084 2563 πολέμου
1109 2503 1146 2550 οὗ
1162 2506 1353 2565 μειζονοςῖι
1367 2507 1445 2550 ἀπὸ
1461 2507 1532 2550 τῶν
1552 2523 1621 2557 οη·1
