1716 3190
1396 202 1417 209 ι,

391 243 492 289 404
794 224 1265 278 ΣΧΟΛΙΑ

389 324 675 377 ’.Απήγγειλαν
684 319 782 384 μὲν)
799 328 878 371 τοῖς
891 324 1191 379 Μιτυληναίοις.
1211 327 1296 367 ead.
1314 323 1383 368 Τα
1397 322 1667 380 ἕπεςαλμέμα)

393 386 450 429 τοὶ
469 383 782 441 προσταχθέντα.

454 447 554 495 Pag.
577 458 591 484 1
605 452 671 495 78.
684 445 708 486 l.
726 458 760 486 1.
773 441 998 496 Ὁμολογία
1009 440 1104 501 τινὶ)
1119 443 1285 499 συνθήκη
1304 446 1376 487 τινὶ
1393 443 1668 500 Φιλανθρώπῳ.

393 505 479 547 ἔνιοι
499 503 556 551 δὲ,
573 503 736 551 ἐπιεικεῖ,
754 502 932 557 εὐπρεπεῖ.
961 505 987 542 l.
1010 517 1045 555 7.
1063 504 1154 549 Τὰς
1168 507 1266 548 ναῦς
1285 501 1484 561 ἀπελθεῖν)
1497 509 1566 557 τῆς
1578 503 1668 546 Μι-

395 566 559 614 τυλήνης
578 562 758 613 δηλονότι.
801 563 826 602 l.
857 576 923 602 10.
952 560 1024 604 Ἐν
1045 565 1095 616 τῇ
1118 563 1312 617 Μαλέα)
1334 563 1521 614 Μαλέα,
1538 562 1668 620 ἀκρω-

393 626 520 679 τήριον
536 621 718 674 Λέσβου.

456 684 558 731 Pag.
583 695 598 720 1
612 694 678 732 79,
691 682 715 720 l.
733 693 749 719 1
759 710 768 719 .
791 678 881 721 Καὶ
900 681 923 731 ἡ
942 680 1046 732 ἄλλη
1057 678 1244 739 Λέσβος)
1258 681 1444 728 καθίςατο
1459 681 1511 726 εἰς
1525 680 1669 734 μάχην

397 741 583 793 δηλονότι.
605 741 638 793 J.
658 753 694 788 5.
710 738 799 780 Ἐπὶ
815 739 859 781 τὸ
877 743 956 780 τῶν
971 738 1191 791 Ἀθηναίων
1210 741 1454 798 ςρατόπεδον)
1467 742 1510 783 τὸ
1525 742 1670 796 ὁρμοῦν

389 800 437 853 Υἐν
458 803 508 853 τῇ
525 798 702 850 Μαλέα.
742 800 769 840 I.
793 811 830 850 7.
855 797 960 840 Οὔτε
981 798 1254 851 ἐπηυλίσαντο)
1274 800 1591 849 ἐπαυλίσασθαι,
1613 800 1670 847 ε’ςὶ

396 860 442 903 τὸ
457 861 613 911 πλησίον
626 861 704 901 τῶν
717 861 905 909 πολεμίων
922 858 1056 902 νυκτὸς
1074 857 1318 902 αὐλίσασὲιαι
1329 890 1342 907 ,
1355 858 1675 915 καθυπερτερούνσ

396 935 477 962 των
495 918 639 959 αὐτῶν.
670 919 694 958 l.
711 924 748 963 8.
768 914 890 957 Ἀλλ’
906 914 1185 975 ἀνεχώρησαν)
1199 920 1254 962 εἰς
1269 920 1340 970 τὴν
1358 920 1468 960 πόλιν
1484 918 1672 970 δηλονότι.

400 980 426 1020 l.
454 993 518 1020 10.
541 976 796 1030 Βουλόμενοι,
822 977 855 1017 εἰ
877 978 1127 1033 προσγένοιτο
1149 993 1209 1025 τι,
1228 973 1466 1036 κινδὺνεύειν)
1487 980 1532 1020 τὸ
1554 977 1669 1033 ἑξῆς,

398 1038 654 1091 βουλόμενοι,
669 1037 701 1078 εἷ
715 1034 959 1090 προσγένοιτο
971 1051 1009 1078 τι
1024 1037 1094 1078 καὶ
1111 1035 1155 1078 ἐκ
1170 1034 1463 1089 Πελοποννήσου
1474 1068 1486 1085 ,
1500 1037 1586 1089 μετ’
1598 1039 1673 1079 ἅλ-

399 1103 470 1148 λης
494 1099 759 1152 παρασκευῆς,
781 1094 1021 1138 κινδυνεύειν.
1072 1097 1160 1139 ead.
1188 1095 1278 1139 Καὶ
1301 1095 1382 1152 γοὶς
1407 1092 1574 1154 αὐτοῖς)
1592 1100 1672 1142 τοῖς

399 1156 696 1208 Μιτυληναίοις.

462 1218 564 1266 Pag.
591 1223 685 1261 180.
714 1216 739 1257 l.
766 1227 801 1266 3.
835 1211 952 1255 Πολι)
973 1211 1286 1272 ἐπιρρωσθέντες)
1315 1214 1414 1256 πολὺ
1434 1213 1458 1266 ἢ
1482 1214 1674 1271 πρότερον.

400 1277 427 1317 l.
451 1290 486 1325 5.
501 1274 629 1318 Οὐδὲν
647 1269 830 1331 ἰσχυρὸν)
851 1273 1034 1325 οὐδεμίαν
1051 1274 1221 1329 ἰσχυραν
1241 1273 1431 1328 βοήθειαν.
1479 1275 1506 1315 I.
1527 1287 1562 1326 7.
1583 1273 1674 1317 Καὶ

399 1335 489 1380 τοὺς
509 1335 715 1389 ἐφόρμους)
731 1333 806 1376 τοὶς
821 1333 1006 1378 ναυτικοὶς
1021 1332 1188 1386 ἐφόδους.
1218 1335 1242 1374 I.
1260 1348 1295 1384 9.
1316 1332 1408 1376 Καὶ
1425 1336 1497 1385 τῆς
1510 1333 1582 1386 μὲν
1599 1341 1676 1379 δα-

400 1396 550 1447 λοὶσσης
569 1393 696 1450 εἶργον
717 1396 774 1445 μή
795 1395 995 1447 χρῆσθαι)
1012 1390 1102 1434 ἀντὶ
1119 1395 1189 1435 τοῦ
1206 1396 1276 1440 ὥςε
1295 1394 1352 1446 μη
1374 1397 1560 1447 χρῆσθαι.
1584 1394 1675 1435 ἔνιοι

399 1453 438 1496 δὲ
453 1454 523 1505 τήν
540 1453 598 1507 μή
613 1451 813 1506 ἀπόφασιν
829 1453 1006 1506 περιττὴν
1023 1454 1136 1507 φασί.
1153 1454 1198 1495 τὸ
1217 1451 1297 1506 γὰρ
1313 1452 1538 1505 λεγόμενον,
1553 1455 1676 1495 τοιοῦ-

401 1515 470 1556 τόν
483 1512 556 1561 ε’ςι,
573 1515 640 1554 καί
654 1516 724 1564 τῆς
737 1511 811 1564 μὲν
825 1511 1035 1562 Σᾶαλοέσσης
1051 1509 1177 1565 εἶργον
1195 1515 1368 1568 χρῆσθαι
1381 1511 1470 1555 τοὺς
1488 1510 1676 1564 Μιτυλη-

402 1578 548 1620 ναίους,
560 1576 713 1628 ὥρμουν
725 1571 763 1612 δὲ
779 1573 812 1612 οἱ
821 1568 1021 1621 Ἀθηναῖοι
1033 1569 1088 1612 ἐπ’
1101 1569 1335 1626 ἀμφοτέροις
1353 1573 1436 1616 τοῖς
1449 1570 1582 1623 λιμέσι
1599 1575 1678 1614 τῶν

403 1632 716 1683 Μιτυληναίων,
738 1634 810 1677 ὥςε
825 1631 883 1682 μή
906 1630 1091 1673 δύνασθαι
1108 1629 1252 1674 αὐτοὺς
1273 1630 1438 1672 ἐκπλεῖν.
1457 1634 1572 1672 τοῦτο
1595 1630 1678 1685 γάρ

402 1691 455 1739 ε’ςι
472 1693 517 1734 τὸ
540 1692 596 1744 μή
617 1694 791 1746 χρῆσῧαι
809 1692 860 1742 τῇ
878 1689 1081 1742 ἓταλαττη.
1124 1691 1149 1730 I.
1177 1704 1193 1730 1
1209 1703 1243 1730 1.
1265 1685 1676 1748 Προσβεβοηθήκότες)

402 1751 494 1808 πρὸς
518 1750 696 1805 βοήθειαν
717 1749 941 1804 δραμόντες.
987 1750 1013 1789 l.
1042 1761 1108 1790 12.
1135 1748 1198 1790 Οὐ
1218 1745 1353 1807 πολὺ)
1378 1748 1493 1806 μέρος
1513 1753 1592 1802 γῆς
1609 1749 1680 1802 δη-

404 1811 545 1854 λονότι.
575 1812 600 1850 l.
625 1806 789 1861 13.⁷Hv
804 1804 963 1865 αὐτοῖς)
983 1812 1062 1852 τοῖς
1079 1806 1308 1860 Ἀθηναίοις.

465 1873 566 1920 Pag.
585 1878 679 1916 181.
696 1870 723 1908 I.
745 1883 780 1910 1.
801 1868 886 1910 Τοῦ
904 1863 1062 1924 θέρους)
1081 1865 1141 1909 ἐπὶ
1155 1870 1225 1911 τοῦ
1243 1869 1389 1922 δέρους.
1430 1868 1458 1909 l.
1475 1880 1514 1909 2.
1532 1865 1624 1910 Καὶ
1637 1866 1680 1912 ἐς

402 1924 722 1985 Πελοπόννησον)
739 1929 762 1979 ἡ
778 1927 818 1970 ἐς
834 1926 922 1969 ἀντὶ
935 1930 1009 1969 τοῦ
1025 1930 1115 1981 περί.
1158 1929 1184 1967 I.
1205 1932 1244 1968 6.
1266 1925 1336 1969 Τοὶ
1352 1922 1633 1984 ἐπιθαλάσσια)
1651 1928 1678 1980 ἡ

402 1989 462 2032 ἐπὶ
472 1988 560 2031 ἀντὶ
573 1991 644 2040 τῆς
659 1987 778 2043 παρα.
797 1988 825 2027 I.
839 1999 875 2038 7.
893 1983 980 2028 Ἐπ’
997 1982 1122 2043 οἴκου)
1134 1984 1191 2029 ἐπ’
1207 1985 1397 2038 Ἀθήνας.
1415 1987 1440 2027 l.
1455 2000 1492 2038 9.
1508 1984 1691 2039 Ἀναςή·.

403 2044 503 2109 σας)
520 2050 744 2101 μετοικίσας
756 2077 767 2093 ,
782 2044 954 2101 ἐγείρας,
969 2046 1038 2087 καὶ
1055 2047 1226 2097 κινήσας·
1244 2045 1316 2089 οὐκ
1332 2044 1528 2100 ἐκβαλών.
1557 2046 1584 2086 1.
1609 2058 1679 2088 12.

403 2106 479 2154 Ὡς
506 2107 538 2147 δ’
567 2106 610 2149 οὐ
639 2122 666 2148 π
687 2101 936 2162 οσεχώρουν)
966 2108 1231 2161 προσήρχοντο
1257 2108 1293 2148 οἱ
1320 2104 1514 2150 Οἰνιάδαι.
1560 2107 1587 2146 l.
1612 2119 1682 2156 14.
1714 2159 1716 2161 ι

402 2121 682 2224 Ἀναχωρῶνς
701 2164 933 2219 ὑποςρέφων.
1370 2198 1374 2203 .

465 2229 567 2277 Pag.
588 2241 604 2266 1
615 2233 682 2272 82·
696 2226 721 2264 I.
741 2239 776 2273 5.
795 2222 870 2268 ‘stc
885 2222 1035 2274 αὐτοῖς)
1051 2226 1130 2269 τοῖς
1146 2222 1337 2279 πρέσβεσι.
1365 2225 1391 2264 l.
1407 2237 1444 2275 9.
1460 2220 1593 2266 Μετὰ
1607 2223 1681 2275 τὴν

405 2282 561 2343 ἑορτήν)
578 2284 684 2339 μετα
702 2284 745 2326 τὸ
763 2282 962 2339 παρελθεῖν
979 2283 1033 2325 τοὶ
1049 2281 1265 2337 Ὀλύμπια.
1293 2285 1319 2324 l.
1341 2297 1358 2324 1
1371 2297 1407 2324 1.
1427 2282 1487 2325 Τὸ
1502 2281 1574 2335 μὲν
1589 2281 1684 2324 καθ-

409 2347 528 2396 εςὼς)
544 2346 736 2400 διαιρεῖται
758 2344 781 2395 ή
803 2343 1020 2397 δημηγορία
1044 2343 1148 2395 αὕτη
1171 2345 1415 2395 κεφαλαίοις·
1444 2344 1502 2393 τῷ
1525 2341 1680 2395 δικαίῳ,
1710 2344 1716 2370 ῗ

407 2405 506 2452 οἷον,
525 2406 583 2447 ὅτι
605 2404 760 2446 δικαίως
782 2400 991 2454 ἀπέςημεν·
1011 2404 1070 2454 τῷ
1096 2402 1269 2454 δυνατῷ,
1296 2403 1356 2444 ὅτι
1376 2399 1528 2442 δυνατοὶ
1550 2415 1684 2456 παρα-

407 2467 619 2517 καλοῦμεν·
636 2460 870 2517 ἐφθαρμένοι
889 2461 969 2514 γάρ
987 2461 1056 2503 εἱσι
1082 2463 1132 2514 τῇ
1158 2461 1272 2513 νόσῳ,
1287 2460 1394 2511 καὶὴ
1413 2458 1580 2512 δύναμις
1602 2459 1681 2502 αὖ·

407 2527 484 2567 τῶν
503 2526 557 2569 εἰς
572 2523 702 2568 πολλοὶ
722 2521 906 2578 διῄρηται·
924 2523 979 2575 τῷ
1001 2519 1254 2576 συμφέροντι,
1276 2520 1335 2563 ὅτι
1355 2522 1552 2562 λυσιτελεῖ
1564 2518 1682 2563 δύνα-
