1716 3190
349 211 469 276 374⁵
753 210 1242 292 ΣΧΟΛΙΑ,

347 312 541 364 πόλεμον)
560 304 628 354 ἒοὶν
647 313 704 366 μη
729 312 998 369 παραγένηται
1022 310 1155 357 αὐτός.
1180 313 1295 365 δηλοῖ
1311 311 1349 354 δὲ
1369 312 1440 365 τὴν
1460 313 1625 366 μεγίςην

347 370 560 428 προθυμίαν
580 371 724 414 αὐτῶν.

408 433 510 482 Pag.
542 436 606 473 16.
628 432 654 472 l.
685 446 720 472 1.
749 429 877 486 Ὀργῇ
900 428 1015 483 εἶχον
1035 432 1070 472 οἱ
1089 434 1239 476 πλείους
1258 430 1347 476 τοὺς
1363 428 1623 482 Ἀθηναίους)

351 488 561 545 ὠργίζοντο
579 494 659 535 τοῖς
674 489 903 541 Ἀθηναίοις.
931 492 956 531 l.
975 505 1011 543 9.
1030 489 1244 543 Πελληνεῖς
1260 491 1319 542 δὲ)
1332 491 1480 533 δώδεκα
1498 493 1625 534 πόλεις

352 549 389 590 εἴ
385 565 462 602 χεν
480 548 712 609 ήῇΑχαΐα,
727 547 779 591 ὧν
793 553 868 601 μία
885 548 929 602 ἦν
946 551 970 602 ή
990 549 1184 603 Πελλήνη.
1215 552 1300 592 ead.
1323 550 1627 604 Ξυνεπολέμουν)

351 613 431 652 τοῖς
445 609 768 662 Λακεδαιμονίοις
782 611 816 650 οἱ
831 607 1010 662 Ἀχαιοί.
1029 609 1072 651 οὐ
1088 610 1168 664 γοὶς
1183 612 1216 652 οἱ
1232 610 1417 663 Ἀργεῖοι.

410 670 511 719 Pag.
538 682 601 720 17.
624 670 650 709 I.
671 683 706 718 ς.
729 666 788 710 Αἱ
804 669 998 714 ὑποτελεῖς
1013 665 1148 720 οὖσαι)
1169 673 1249 715 τοῖς
1264 668 1495 721 Ἀθηναίοις.
1534 670 1559 710 l.
1581 672 1620 711 6.

349 723 408 768 ‘H
435 727 494 770 ἐπὶ
519 727 742 780 θαλάσση)
769 729 792 779 ἡ
822 726 1143 783 παραθαλασσία.
1189 730 1276 770 ead.
1301 729 1459 784 Δωριεῖς
1485 726 1625 783 Καρσὶ

354 787 565 839 πρόσοικοι)
580 787 744 842 Δωρίδες
761 790 880 839 νῆσοι,
893 785 1039 833 Ῥόδος,
1055 786 1153 832 Κῶς
1165 820 1175 834 ,
1188 787 1348 833 Κνίδος.
1377 789 1403 829 I.
1425 801 1461 839 7.
1483 787 1552 830 Τοὶ
1565 787 1625 830 ἐπὶ

353 845 538 900 Θρᾴκης)
558 845 650 895 οἷον,
667 845 896 899 Βυζάντιον,
914 845 1105 902 Πέρινθος.
1135 849 1221 888 ead.
1243 847 1377 898 Νῆσοι
1395 848 1485 890 ὅσαι
1499 862 1543 889 τε
1559 846 1625 889 ἐν·

352 906 421 951 τὸς
435 879 746 957 Πελοποννήσου)
763 905 806 947 ου
821 906 930 956 λέγει
944 903 1051 950 ἐντὸς
1062 905 1225 960 Κρήτης
1238 922 1305 948 και
1300 905 1627 958 Πελοποννήσου,

352 964 442 1019 πρὸς
458 963 682 1018 ἀνίσχοντα
698 967 826 1040 ἥλιον,
845 963 956 1007 ἄλλα
973 965 1029 1008 δεῖ
1046 968 1147 1021 ςιξαι
1167 967 1219 1011 εἷς
1239 966 1284 1008 τὸ
1306 963 1631 1016 Πελοποννήσου,

353 1038 420 1065 και
433 1022 508 1068 απὸ
523 1027 649 1068 κοινοῦ
666 1025 711 1068 τὸ
726 1025 992 1076 ι’)ἰτοιιλοιβειῖι.ν
983 1024 1029 1066 ι’ν’
1038 1032 1082 1079 ή,
1098 1026 1166 1066 καὶ
1177 1026 1264 1068 ὅσαι
1282 1029 1351 1078 τῆς
1361 1023 1524 1080 Κρήτης
1536 1025 1626 1098 πρὸς

353 1084 459 1135 ἥλιον
474 1082 708 1138 ἀνίσχοντα.
725 1082 821 1131 οἷον,
840 1083 1076 1140 Κάρπαθος,
1093 1084 1256 1132 Kaio-oc,
1274 1083 1440 1135 Χάλκη,
1459 1098 1526 1126 και
1542 1086 1627 1127 ὅσαι

353 1143 490 1185 ἄλλαι.
518 1146 544 1186 l.
570 1159 635 1194 14.
656 1143 746 1187 Καὶ
763 1159 835 1194 την
853 1146 927 1199 ἐξω
944 1145 1206 1199 ξυμμαχιδα)
1230 1147 1299 1195 τῆς
1318 1142 1625 1193 Πελοποννήσου.

410 1205 512 1254 Pag.
537 1219 554 1244 1
566 1212 602 1251 8.
624 1205 649 1245 l.
667 1218 705 1245 2.
724 1201 922 1256 ’Ὲκδημον
941 1205 1074 1255 ἔχειν)
1093 1205 1287 1259 ὑπερόριον.
1317 1205 1342 1244 l.
1361 1218 1399 1253 4.
1415 1201 1547 1245 Κατοὶ
1561 1203 1628 1245 τὸν

352 1264 494 1316 χρόνον
510 1263 580 1306 τὸν
597 1263 814 1319 εἰρημένον)
835 1264 983 1318 μακρὸν
999 1264 1180 1316 πόλεμον.
1196 1266 1248 1308 ὡς
1267 1265 1344 1305 τῶν
1363 1262 1625 1312 Λακεδαιμο-

353 1325 439 1363 νίων
460 1322 671 1377 ὅρια-άντων
694 1324 763 1372 τὴν
788 1321 1018 1377 προθεσμίαν
1042 1326 1113 1374 τῆς
1141 1323 1374 1378 συντάξεως.
1419 1323 1445 1362 l.
1473 1335 1509 1372 9.
1535 1320 1628 1364 Καὶ

356 1382 448 1426 τους
463 1383 618 1433 μάλιςα
634 1381 672 1424 ἐν
687 1382 813 1433 τέλει)
833 1382 947 1433 τέλη,
966 1381 1023 1425 τοὶ
1039 1380 1271 1437 ἀξιώματα,
1287 1384 1354 1424 καὶ
1371 1383 1403 1423 οἱ
1419 1382 1623 1435 ἄρχοντες.

353 1442 440 1481 ead.
460 1440 551 1483 Καὶ
564 1442 910 1498 ἀξιολογωτάτους
928 1443 1126 1497 παρεῖναι)
1143 1444 1206 1484 ἵνα
1220 1441 1338 1493 ἑκάς-η
1354 1442 1462 1483 πόλις
1481 1442 1526 1482 τὸ
1549 1438 1622 1492 μὲν

353 1500 520 1574 δίμοιρον
539 1503 747 1574 ςρατεύση,
762 1501 806 1543 τὸ
822 1499 861 1541 δὲ
878 1505 1004 1556 τρίτον
1021 1502 1163 1553 ἑαυτῆς
1178 1501 1374 1554 κατάσχῃ
1389 1499 1478 1555 πρὸς
1492 1506 1625 1555 φυλα-

350 1561 437 1610 κήν.
456 1560 570 1603 αὐτοι
583 1577 662 1615 γας
677 1563 711 1603 οἱ
726 1559 1026 1612 Λακεδαιμόνιοι
1044 1560 1119 1605 τοὶς
1136 1561 1262 1603 πόλεις
1277 1559 1448 1617 εμέριζον
1463 1559 1518 1602 εἰς
1533 1574 1623 1612 τρια

350 1620 465 1675 μέρη,
492 1623 561 1662 καὶ
585 1623 631 1664 τὸ
657 1619 785 1676 τρίτον
810 1625 891 1662 εἴων
917 1617 956 1662 ἐν
979 1623 1070 1666 ταῖς
1089 1621 1250 1663 πόλεσιν·
1276 1621 1342 1661 ἵνα
1364 1634 1446 1672 μη,
1466 1617 1626 1660 πάντων

348 1677 582 1734 ἐξελθόντων
603 1680 660 1723 εἰς
682 1680 748 1722 τὸν
773 1681 966 1732 πόλεμον,
990 1678 1154 1754 ἐρήμους
1176 1679 1346 1734 εὑρόντες
1369 1680 1402 1721 οἱ
1424 1675 1626 1728 Ἀθηναῖοι

352 1754 428 1783 τας
450 1739 576 1786 πόλεις
597 1754 873 1795 χειρωσωνται.
923 1740 949 1780 l.
979 1754 995 1781 1
1010 1754 1044 1780 1.
1060 1738 1228 1794 Ἀνδρες
1250 1736 1616 1787 Πελοποννήσιοι)
1598 1753 1624 1788 η

350 1799 464 1844 ςασις
492 1803 782 1855 πραγματικὴ,
805 1799 1014 1853 ἄγραφος,
1039 1798 1371 1853 συμβουλευτικοῦ
1394 1795 1539 1845 ειδους,
1558 1810 1626 1843 nee

349 1857 526 1911 φαλαιον
550 1860 706 1910 ἔχουσα
728 1858 774 1900 τὸ
797 1861 1004 1914 συμφέρον.

366 1945 369 1947 -
410 1919 513 1968 Pag.
545 1933 608 1969 19.
629 1920 655 1959 l.
685 1933 720 1959 1.
751 1915 842 1960 Καὶ
862 1918 977 1960 αὐτοὶ
999 1918 1157 1967 πλεῖςοι)
1179 1915 1291 1959 αὐτοὶ
1311 1917 1422 1970 ἡμεῖς
1442 1914 1625 1967 δηλονότι.

348 1977 375 2016 Ι.
396 1990 435 2026 4.
457 1977 559 2030 Τῇδε
580 1979 630 2030 τῇ
649 1977 773 2031 ὁρμῇ)
790 1979 839 2030 τῇ
856 1975 1042 2031 ἡμετέρα.
1066 1979 1092 2019 l.
1113 1991 1148 2025 ς.
1167 1975 1335 2018 Εὕνοιαν
1355 1976 1534 2027 ἔχουσα)
1554 1975 1625 2017 τὸν

349 2035 500 2079 σκοπόν.
528 2038 554 2079 l.
581 2042 619 2078 6.
637 2037 789 2079 Οὔκουν
810 2038 916 2091 χρη)
937 2035 983 2078 τὸ
1006 2036 1118 2091 ἑξῆς,
1136 2037 1268 2079 οὔκουν
1290 2035 1370 2092 χρὴ
1391 2033 1622 2089 ἀμελέςρον

349 2098 505 2150 χωρεῖν.
529 2113 584 2139 τα
609 2095 649 2138 δὲ
673 2096 806 2145 αλλα,
831 2095 892 2137 διαὶ
918 2094 1050 2148 μέσου.
1095 2096 1120 2135 l.
1149 2109 1213 2136 11.
1244 2092 1317 2138 Ἐς
1337 2094 1500 2137 κινδυνόν
1525 2108 1620 2145 τινα

349 2156 477 2208 η’ξειν)
495 2153 573 2199 ἀπὸ
593 2157 724 2198 κοινοῦ
740 2154 786 2197 τὸ
807 2156 900 2209 χρή.
924 2156 951 2195 l
974 2169 1045 2197 12.
1057 2154 1147 2197 Καὶ
1162 2152 1206 2209 ἐξ
1226 2153 1360 2206 ὀλίγου
1380 2152 1437 2196 τοὶ
1459 2151 1620 2202 πολλοὶ)

342 2212 534 2268 ’Όμηρος,
554 2213 651 2257 Ητ’
668 2214 785 2265 ὀλίγη
802 2215 875 2267 μὲν
896 2218 1032 2268 πρῶτα
1050 2216 1288 2270 κορύσσεται.
1309 2214 1426 2256 τοῦτο
1442 2211 1482 2254 δέ
1503 2215 1621 2262 Φησι,

350 2274 596 2321 τουτέςινότι
612 2273 853 2330 ὀργισθέντες
869 2276 902 2315 οἱ
917 2272 1118 2325 Ἀθηναῖοι
1135 2273 1285 2317 πάντως
1302 2270 1577 2326 ἐξελεύσονται.

408 2335 510 2385 Pag.
537 2348 605 2376 20.
624 2336 649 2375 l.
677 2347 714 2386 7.
736 2332 828 2376 Και
842 2348 944 2376 πανυ
964 2331 1150 2388 ἐλπίζειν)
1173 2331 1392 2388 φοβεῖσθαι.
1435 2331 1461 2370 L
1489 2344 1525 2380 9.
1548 2328 1623 2372 Ἐν

349 2390 381 2443 ᾧ
400 2394 502 2435 ουπω
522 2392 772 2449 παρεσμεν)’
755 2409 795 2435 εν
814 2391 845 2445 ᾧ
866 2392 968 2445 τόπῳ
985 2392 1168 2444 δηλονότι.
1196 2393 1222 2432 L
1245 2405 1309 2431 10.
1328 2389 1422 2432 Καὶ
1435 2387 1619 2432 τάκεινων

346 2449 600 2507 Φθείροντας)
619 2449 907 2517 ὁρμηθήσονται.
936 2454 962 2492 l.
986 2467 1004 2492 1
1017 2467 1051 2494 1.
1065 2450 1187 2507 Ὁρᾷν
1205 2449 1446 2501 πάσχοντές
1465 2449 1530 2498 τι)
1550 2449 1620 2491 καὶ

344 2523 375 2551 ο
370 2508 677 2568 “epytgbfaesvoa,
659 2512 732 2557 άτε
750 2508 832 2564 δὴ
809 2518 927 2565 ηττον
941 2510 1195 2598 λογιζόμενοι,
1209 2510 1368 2564 μαλλον
1381 2509 1619 2562 δυμουμενοι
