1716 3190
356 212 448 261 286
556 212 1431 263 ANNOTANTIONES

350 301 471 343 dorus
498 302 602 363 apud
630 302 759 357 Steph.
792 303 952 345 Aristot.
975 303 1188 357 Polybius,
1208 304 1440 354 Diodorus,
1463 305 1624 357 Strabo,

350 355 580 405 Pausanias,
606 356 848 398 Plutarchus.
874 358 1095 413 Archippus
1116 359 1230 399 etiam
1256 359 1298 399 in
1328 358 1494 401 Piscibus
1523 362 1625 413 apud
1704 351 1716 400 ‘fi

350 411 614 454 Athenaeum.
646 411 893 453 Ptolemaeus
913 415 1050 461 Σωρεὶς
1069 413 1109 454 in
1128 412 1200 454 Ms.
1224 412 1386 454 Coislin.
1400 413 1456 453 At
1475 413 1626 469 Seldeni
1711 411 1716 456 -ζ

350 463 492 505 Codex
510 462 647 519 Ὦρεὶς,
666 477 783 519 atque
802 466 854 506 ita
868 465 1030 507 Aristot.
1049 465 1225 520 aspirare,
1245 465 1427 508 mendose
1447 478 1626 522 uterque.

350 517 418 559 De
437 518 512 559 fitu
531 533 574 558 v.
598 519 756 559 Livium
773 519 972 567 XXVIII,
993 533 1038 573 ς,
1057 520 1208 569 XXXI,
1230 522 1294 570 46.
1317 520 1526 561 Historiam
1537 533 1625 576 pete

353 585 376 612 a
396 572 583 613 Diodoro
600 572 723 620 XIX,
739 587 776 628 p.
794 587 819 623 7
831 587 873 627 ¹3
890 604 902 621 ,
921 573 1062 626 Polyb.
1077 574 1161 621 XI,
1173 574 1216 615 &
1231 590 1267 629 p.
1289 589 1412 624 1107,
1432 574 1621 617 Plutarch.
1708 590 1713 623 i

352 626 495 671 Aemil.
522 640 623 680 259,
642 626 711 667 ubi
732 640 806 680 pro
827 627 951 680 ῥώμης
968 626 1124 669 fortaffe
1143 628 1261 682 ῥύμης
1283 629 1358 670 τῶν
1377 644 1456 682 arpa
1488 629 1625 680 μάτων

350 680 558 734 legendum
569 711 583 727 ‚
597 680 759 721 Aristot.
772 680 882 723 Polit.
896 681 935 720 V
947 709 960 729 ‚
977 695 1015 735 p.
1039 696 1135 736 133,
1149 681 1352 724 Demosth.
1368 683 1415 723 de
1494 697 1517 724 a
1530 683 1625 737 Leg.

351 748 389 786 p.
414 747 516 782 220,
543 735 583 774 &
603 749 641 789 p.
674 748 747 786 50,
764 749 812 784 45
856 766 868 784 ,
887 735 1091 777 Libanium
1113 735 1324 789 Progymn.
1349 750 1385 790 p.
1405 751 1491 787 107.
1512 737 1624 778 Olim
1712 754 1716 780 ς

348 787 512 828 ‘leriam
530 787 653 829 Strab.
671 789 712 829 δι
724 789 814 842 Step
845 789 1008 835 .Hodie‚
1016 790 1140 842 inquit
1150 789 1385 844 Sophianus,
1395 791 1529 831 l’Oreo.
1540 791 1639 844 Ερί-’
1707 793 1716 828 ,²

351 841 458 901 scopi
469 843 557 882 eius
570 843 717 885 mentio
729 841 837 886 estin
846 842 1001 885 Concil.
1012 842 1192 884 Chalced.
1204 843 1255 886 A.
1265 843 1360 885 Chr.
1369 857 1418 897 ⁴5
1427 858 1460 884 1.
1475 843 1623 885 WAss.
1707 858 1716 863 ‘⁴

407 897 500 950 Pag.
529 909 613 950 155.
629 897 654 938 l.
677 911 712 941 2.
732 895 797 938 Ὠς
818 890 902 939 {me
924 896 1007 951 τὰ)
1023 897 1195 938 Primum
1209 895 1424 952 suspicabar
1439 892 1522 939 {aas
1541 898 1625 939 for-

351 949 456 990 taffis
474 963 497 990 e
514 951 748 1005 compendio
770 949 1009 1005 scripturae,
1029 951 1096 993 vel
1117 951 1194 992 alio
1219 963 1354 992 errore
1378 951 1625 994 librariorum

351 1014 488 1045 ortum
509 1005 584 1045 effe
603 1017 677 1059 pro
697 1002 717 1047 η
790 1004 898 1052 έλθη,
917 1005 1122 1059 quomodo
1141 1004 1254 1059 saepe
1271 1005 1447 1070 loquitur
1460 1006 1626 1058 Thucy·
1650 1023 1653 1027 ¹

353 1059 483 1107 (fides,
509 1072 591 1099 non
616 1053 710 1101 finos.
759 1058 855 1101 aulo
873 1058 959 1113 post
975 1072 1059 1114 cap.
1071 1073 1144 1114 97,
1167 1059 1233 1101 ἐπὶ
1251 1058 1374 1116 τοῖς]
1412 1059 1624 1114 γελμένοις.

352 1112 507 1155 Deinde
525 1127 615 1155 cum
633 1112 819 1169 vidissem,
830 1113 1068 1155 Scholiasten
1083 1114 1180 1154 haec
1201 1114 1352 1155 verbani
1397 1129 1414 1155 ε
1431 1116 1487 1154 τὰ
1505 1127 1626 1169 ’γεγε-

352 1167 493 1218 νημένοι
506 1167 750 1222 interpretari
761 1166 845 1207 ἦλθε
857 1163 1010 1219 μήνυμα,
1019 1166 1094 1209 τῶν
1112 1167 1386 1222 γεγενημένων,
1397 1168 1517 1218 unde,
1530 1181 1623 1209 eum

352 1221 554 1275 agnoviss'e
568 1224 610 1260 τὶι
631 1214 730 1270 ἦλθε,
743 1231 925 1276 apparet,
944 1221 1035 1262 nihil
1054 1221 1278 1263 tentandum
1292 1221 1502 1263 arbitratus
1520 1221 1626 1263 sum:
1698 1212 1703 1235 ἶ

351 1275 422 1316 etsi
444 1288 525 1316 non
542 1275 656 1317 valde
678 1276 845 1318 obvium
869 1288 990 1329 genus
1007 1275 1193 1329 loquendi
1214 1275 1291 1317 effie
1310 1285 1421 1330 puto.

407 1333 479 1370 ead.
496 1330 520 1370 l.
535 1344 573 1384 9.
587 1328 852 1384 ,Ξυῤῥέιξουσὴ
873 1330 966 1370 Non
983 1329 1120 1383 placet.
1138 1328 1241 1370 forte
1259 1329 1464 1383 legendum
1482 1340 1622 1372 contra

352 1383 441 1427 Mss'.
463 1383 712 1438 Evpfie‘tqssovw.
735 1385 884 1425 WAss.
903 1384 1025 1427 Henr.
1037 1383 1255 1438 Stephanus
1266 1396 1426 1439 quoque
1445 1385 1487 1424 in
1504 1382 1622 1426 Thes.
1694 1388 1702 1399 ‘⁷

351 1437 482 1479 scribit
494 1468 506 1484 ,
527 1437 741 1491 suspefium
766 1437 873 1492 poffe
893 1436 969 1479 effe
989 1438 1092 1479 hunc
1110 1438 1256 1479 locum.

345 1520 348 1522 -
409 1494 500 1545 Pag.
513 1506 528 1531 1
542 1492 599 1546 56.
608 1492 632 1532 l.
649 1506 664 1531 1
675 1507 707 1532 1.
725 1490 1099 1546 Ardoopoe)Quidam
1111 1491 1268 1545 peffime
1278 1491 1463 1546 sta'coopor.
1474 1492 1623 1532 WASS.

406 1551 484 1586 ead.
494 1547 520 1586 l.
546 1560 561 1585 1
572 1561 606 1600 3.
617 1546 886 1600 Ἐπιχειρητοιὶ
926 1546 958 1585 Ε
972 1546 1156 1599 Thucyd.
1170 1545 1299 1588 laudat
1311 1545 1448 1587 Pollux
1458 1544 1520 1592 Π,
1533 1559 1623 1597 154.

414 1601 504 1653 Pag.
530 1613 617 1654 157·
635 1600 660 1639 l.
688 1612 721 1654 ς.
755 1598 885 1641 Πνύκα
942 1599 1044 1651 Πνὺξ
1072 1600 1186 1642 locus
1209 1610 1293 1640 erat
1317 1599 1485 1640 Athenis
1512 1598 1622 1640 iuxta

354 1654 590 1708 Ἀκρόσι-ολιν.
607 1653 702 1697 Eius
717 1652 887 1695 tribunal
907 1652 1099 1709 speffllbat
1117 1654 1164 1695 ad
1185 1667 1317 1703 mare3
1337 1652 1401 1695 sed
1413 1653 1451 1694 id
1468 1652 1515 1694 ad
1525 1665 1624 1693 con-

353 1710 541 1750 tinentem
559 1722 584 1751 a
606 1719 710 1751 xxx
728 1707 906 1760 tyrannis
925 1707 1078 1749 versum
1097 1707 1163 1749 est.
1184 1706 1320 1749 Postea
1335 1718 1465 1749 nmen
1478 1720 1502 1748 a
1515 1706 1622 1748 The·
1695 1720 1699 1745 .·

357 1762 532 1806 mistocle
550 1762 787 1810 restiturum3
805 1762 918 1803 cuius
930 1761 1128 1816 utriusque
1145 1761 1235 1803 faeti
1248 1761 1380 1803 causas
1394 1760 1623 1802 Plutarchus
1694 1760 1695 1763 ’

356 1818 400 1857 in
417 1818 501 1861 eius
518 1818 603 1860 vita
623 1817 758 1859 reddit.
783 1817 839 1858 Ut
858 1817 897 1856 in
914 1816 1050 1868 Pnyce
1069 1817 1278 1858 conciones
1295 1826 1526 1870 cogerentur
1547 1813 1623 1855 So·

355 1871 460 1912 lonis
491 1871 642 1924 legibus
668 1881 828 1911 cautum
859 1881 961 1920 erat,
978 1881 1025 1910 ut
1054 1873 1162 1910 κατὰ
1184 1869 1441 1920 Κτησιφόντος
1462 1868 1623 1910 testatur

359 1925 578 1967 Aeschines.
599 1926 648 1967 Et
664 1925 756 1966 olim
777 1924 931 1978 quidem
955 1937 1117 1971 omnes,
1136 1923 1268 1978 postea
1288 1935 1437 1965 tantum
1461 1935 1531 1964 me
1553 1923 1622 1963 ha·

357 1981 440 2020 beri
460 1990 624 2033 coeptae
640 1979 748 2028 sunt,
771 1979 913 2032 quibus
930 1979 977 2018 de
996 1978 1164 2019 creando
1183 1978 1406 2032 magistratu
1423 1977 1623 2032 agebatur,

357 2045 402 2075 ut
419 2033 640 2086 Hesychius
655 2032 792 2076 auctor
809 2031 863 2073 est
874 2062 888 2079 ,
907 2033 1075 2086 itemque
1094 2032 1246 2074 Pollux.
1266 2032 1316 2072 Et
1330 2033 1426 2086 quia
1438 2032 1516 2072 hoc
1529 2031 1620 2072 casu
1699 2038 1705 2073 i

358 2088 540 2141 frequens
567 2100 618 2130 eo
638 2087 809 2142 populus
830 2086 1076 2135 confluebat,
1100 2087 1186 2127 inde
1207 2085 1308 2139 Πνὺξ
1330 2099 1355 2127 a
1407 2085 1518 2127 enata
1539 2085 1622 2132 est,
1703 2086 1705 2092 ’

358 2142 441 2187 ἀπὶ)
462 2140 530 2183 τοῦ
548 2139 784 2183 πυκνοῦσῧοιι
799 2140 886 2181 τοὺς
905 2140 1045 2195 ἀνδρας
1066 2141 1101 2181 ἓν
1116 2139 1371 2190 viiluna-1¹4.
1440 2139 1621 2180 hocloco

359 2196 601 2249 Thucydidis
624 2194 755 2237 Πὺκνιι
778 2208 852 2248 pro
872 2194 1007 2236 Πνύκα
1026 2193 1206 2240 mendose
1229 2193 1411 2248 scriptum
1430 2192 1508 2235 effe
1529 2205 1620 2234 cen,
1694 2206 1716 2233 .·

360 2250 443 2294 sent
462 2251 541 2293 viri
553 2250 702 2291 eruditi.
718 2251 892 2298 Verum,
911 2262 1005 2303 pace
1024 2261 1163 2289 eorum
1174 2278 1189 2296 ,
1203 2247 1402 2302 vulgatam
1415 2246 1619 2288 leffionem
1692 2242 1711 2301 ‘J

355 2305 597 2349 retinendam
626 2314 746 2358 puto;
765 2317 854 2344 cum
883 2302 1011 2344 noum
1031 2303 1105 2343 dici
1127 2303 1236 2343 κατὰ
1259 2302 1458 2353 μετάθεσιν
1483 2300 1620 2342 scribat
1694 2310 1716 2350 3²:

359 2359 586 2400 Scholiastes
607 2358 654 2398 ad
673 2357 871 2412 Aristoph.
885 2357 928 2397 &
944 2370 995 2397 ex
1011 2370 1062 2397 eo
1080 2356 1236 2398 suidas:
1256 2355 1400 2410 quibus
1413 2354 1509 2395 adde
1522 2355 1620 2408 Ety·
1656 2365 1662 2373 “
1705 2365 1716 2405 ς

352 2413 564 2466 ,mologum
581 2413 770 2453 dicentem
783 2443 795 2462 ,
815 2409 834 2454 ft
853 2411 987 2464 ’γενικὴ
1008 2413 1169 2459 nuvae,
1185 2409 1254 2452 ὃιὲι
1278 2408 1324 2449 st
1339 2406 1512 2458 εὐφωνίαν
1534 2413 1621 2448 ssv-

359 2467 454 2509 κνός.
473 2465 651 2521 Rutgers.
673 2467 712 2506 in
731 2467 828 2506 Var.
848 2465 951 2506 Le&
966 2465 990 2505 l.
1015 2479 1060 2518 ς,
1077 2477 1113 2504 c.
1137 2479 1170 2504 1.
1191 2465 1328 2504 Huns.
1346 2461 1477 2503 Πνύκα
1488 2473 1620 2504 tamen

359 2534 435 2575 pro
455 2521 606 2568 Πὺκνα,
627 2520 735 2574 quod
754 2520 898 2561 habent
917 2531 1053 2560 omnes
1072 2518 1155 2559 edd.
1172 2518 1215 2558 δι
1231 2530 1254 2558 e
1269 2516 1354 2557 ΜΠ.
1370 2515 1468 2557 Cass'.
1488 2516 1560 2567 Gr.
1579 2517 1623 2558 &
