1716 3190
367 210 459 257 106
651 198 1334 259 THUCYD1D18

361 327 466 360 mc,
498 301 545 366 ἦν
566 329 627 364 τις
662 307 867 366 ἐνίστηται
890 330 972 365 τοις
997 304 1271 378 ποιουμένοις,
1304 308 1530 372 λωβοιντοος
1562 334 1622 363 τσο

359 383 488 438 οπλα
505 411 566 456 μη
593 384 833 460 ἐπιτρετι-ειν.
854 383 959 448 ἦσαν
982 379 1026 442 δε
1050 411 1128 441 κοιι
1107 380 1338 464 Άνὸριοι,
1362 414 1440 444 και
1459 390 1620 452 Τηνιοι,

359 490 439 519 κοιι
418 464 704 540 Καρυστίων
723 467 944 540 τριοωοόσιοι
955 507 968 525 ,
986 492 1062 523 nou
1041 468 1308 536 Αἱγινητων
1325 496 1403 526 των
1425 474 1623 528 ἐποίκων,

360 546 430 607 σῧς
458 554 492 601 οἱ
518 550 716 611 Ἀθηναῖοι
744 547 953 620 ἷτι-εμψοον
985 549 1247 612 οἱκησ-οντοις,
1280 554 1350 604 ἐπ’
1376 548 1481 604 οιύτο
1505 577 1623 606 τουτο

360 626 520 691 ἥκοντες
541 634 578 683 ὲν
596 655 676 689 τοις
696 630 850 683 ἑαυτων
867 630 1015 690 ὅπλοις
1027 670 1039 688 ,
1061 631 1117 690 οἱς
1135 655 1282 685 τοουτοο
1295 639 1510 707 προείρητο.
1530 631 1624 686 του-

363 736 442 765 των
469 704 514 763 ὃε
537 709 877 782 διατεταγμένων
904 712 1051 772 οὕτως,
1082 714 1260 772 ἒλθοντες
1282 720 1315 767 οἱ
1344 714 1622 786 τετρακόσιοι,

363 816 482 863 μετοι
500 794 678 856 Ξιφιὸἴου
697 793 894 851 οὶΦοονους
912 815 1115 852 εκοιστος,
1129 818 1206 847 κοιι
1224 820 1257 847 οι
1274 818 1401 848 εικοσι
1419 818 1498 847 κοιι
1521 795 1626 847 ἑκου-

363 899 428 927 τον
446 878 545 945 μετ’
561 874 697 926 αὐτων
704 867 917 935 ῌΕλληνες
935 880 1136 927 νεοονίο-κοι
1157 873 1242 945 (οἷς
1261 875 1435 948 ἐχρωντο
1452 898 1524 928 ειτι
1542 899 1626 928 που

363 952 440 1007 deoc
459 950 771 1029 χειρουργειν)
760 978 998 1017 wemno-av
1015 982 1096 1016 τοις
1120 953 1210 1008 ἀπο
1230 957 1299 1009 τοῧ
1327 955 1496 1027 κυάμου
1518 959 1626 1017 βου-

364 1040 558 1095 λευτοοις,
582 1062 690 1090 ουσ-ιν
707 1038 744 1090 ἐν
759 1063 819 1090 τω
796 1038 1130 1110 βουλευτηρίῳ
1149 1034 1226 1099 καὶ
1247 1035 1356 1091 εἷπον
1372 1041 1512 1097 οούτοις
1528 1036 1625 1101 {Zae-

363 1141 452 1174 νοιι,
477 1119 673 1182 λαβουσι
692 1142 757 1171 τον
773 1117 956 1191 μισ-θον
974 1116 1115 1193 εφερον
1133 1110 1180 1170 δε
1199 1122 1338 1178 οούτοις
1363 1119 1433 1171 τοῧ
1453 1122 1627 1174 ὑπολοί-

362 1223 446 1253 που
459 1201 600 1301 χρόνου
619 1224 776 1259 παντος
796 1198 937 1257 αὐτοι,
956 1223 1033 1254 ma
1057 1200 1222 1265 ἐξιουο-ιν
1243 1199 1437 1253 {didon-av.

437 1306 486 1335 ο.
513 1282 607 1343 Ως
625 1275 670 1335 δε
689 1280 821 1336 τούτω
840 1284 901 1357 τῷ
918 1306 1058 1356 τροπῳ
1083 1307 1105 1345 η
1128 1305 1173 1335 τε
1195 1275 1336 1345 βουλη
1359 1273 1516 1335 οὗὸεν’
1493 1303 1630 1335 ouvra-

360 1443 404 1485 in
427 1444 567 1498 quibus
597 1446 736 1487 armati
767 1446 954 1488 excubias
979 1460 1093 1502 agere
1119 1446 1314 1493 solebant,
1336 1455 1632 1501 permanerent,

360 1512 424 1554 sed
438 1516 577 1569 procul
598 1516 648 1556 ab
668 1517 726 1558 his
749 1517 909 1565 starent,
934 1518 999 1567 δι,
1019 1517 1048 1558 fi
1069 1519 1158 1572 quis
1180 1519 1249 1565 iis,
1266 1530 1367 1572 quae
1386 1515 1524 1558 fierent
1535 1548 1547 1567 ,
1566 1516 1631 1557 ad-

359 1582 599 1636 versaretur,
611 1584 747 1627 sumtis
766 1587 883 1628 armis
903 1587 981 1628 hoc
1003 1587 1052 1628 ab
1076 1600 1129 1628 eo
1145 1587 1228 1628 fieri
1248 1600 1331 1628 non
1355 1587 1635 1641 permitterent.

359 1651 522 1705 Quibus
542 1665 676 1696 autem
690 1655 784 1697 haec
803 1666 1008 1711 praecepta
1021 1654 1194 1705 fuerant,
1209 1656 1250 1697 &
1265 1656 1334 1710 qui
1346 1655 1396 1695 ad
1415 1655 1495 1696 hoc
1505 1651 1632 1708 ipsum

362 1722 624 1776 peragendum
646 1737 736 1765 cum
759 1723 835 1766 suis
855 1726 970 1766 armis
991 1735 1203 1772 venerant,
1232 1724 1392 1766 fuerunt
1411 1723 1455 1764 δι
1472 1723 1634 1770 Audi-ii,

359 1791 404 1833 δι
422 1793 535 1835 Tenii
547 1823 561 1843 ,
577 1794 619 1836 δι
641 1794 914 1848 Carystiorum
933 1795 1118 1843 trecenti,
1143 1797 1187 1837 &
1203 1808 1255 1837 ex
1271 1794 1470 1849 Aeginetis
1490 1793 1542 1834 illi
1565 1806 1633 1834 co-

360 1856 466 1907 loni,
492 1874 596 1914 quos
615 1862 867 1904 Athenienses
892 1863 966 1905 illic
987 1864 1228 1905 habitaturos
1250 1863 1440 1905 miserant.
1468 1863 1541 1904 His
1562 1875 1632 1903 au-

360 1941 441 1973 tem
464 1932 518 1973 ita
541 1932 749 1988 dispofitis,
768 1934 823 1974 illi
846 1934 1117 1989 quadringenti
1138 1933 1237 1980 viri,
1254 1947 1343 1974 cum
1369 1931 1527 1974 occulto
1546 1932 1632 1986 qui-

359 2016 438 2057 que
452 2004 624 2058 pugione
645 2003 808 2059 profeffi
819 2036 832 2056 ,
849 2005 1126 2047 comitantibus
1137 2015 1294 2046 centum
1308 2003 1351 2045 &
1364 2002 1502 2057 viginti
1511 2001 1632 2043 Grae-

359 2072 416 2114 cis
434 2072 755 2124 adolescentibus,
770 2075 937 2130 (quibus
957 2075 1165 2116 utebantur
1177 2106 1190 2126 ,
1207 2073 1328 2115 sicubi
1339 2085 1458 2113 manu
1472 2071 1630 2112 illorum

361 2141 410 2182 ad
435 2143 591 2184 caedem
616 2144 784 2199 aliquam
810 2144 1021 2186 faciendam
1043 2157 1145 2199 opus
1172 2143 1286 2197 erat)
1312 2141 1530 2191 senatores,
1563 2139 1643 2195 quir

359 2210 401 2250 in
420 2212 528 2253 curia
551 2223 683 2261 erant,
710 2214 752 2255 δι
767 2214 834 2269 qui
848 2212 1091 2268 insuffragiis
1113 2211 1277 2254 ferendis
1301 2212 1360 2253 uti
1382 2210 1555 2253 solebant
1573 2209 1632 2250 fa·

359 2283 421 2324 bis
430 2315 442 2333 ‚
457 2285 788 2329 circumsteterunt
799 2319 812 2336 ,
831 2285 1008 2343 ipsosque
1024 2285 1148 2327 sumta
1168 2284 1236 2326 sua
1255 2283 1430 2325 mercede
1442 2283 1547 2324 exire
1560 2279 1632 2323 ius·

359 2357 503 2399 serunt.
528 2358 750 2400 Attulerant
770 2370 903 2400 autem
932 2357 1003 2413 ipsi
1028 2356 1244 2398 mercedem
1270 2354 1407 2409 reliqui
1426 2354 1547 2396 totius
1567 2352 1630 2394 su-

357 2428 522 2483 perioris
541 2429 726 2483 temporis
738 2460 751 2478 ,
767 2427 933 2484 ipsisque
952 2427 1184 2468 exeuntibus
1202 2437 1288 2466 eam
1310 2423 1511 2464 dederunt.

412 2498 531 2540 LXX.
559 2497 663 2541 Cum
682 2498 797 2554 igitur
822 2497 977 2542 senatus
1000 2510 1050 2540 mc
1074 2495 1186 2540 curia
1207 2494 1302 2536 nihil
1324 2492 1538 2548 refragatus
1553 2492 1630 2534 hoc

1706 1388 1716 1441 urs-
1704 1343 1716 1374 Α*
1708 1309 1716 1326 c
1710 1277 1716 1284 .
1702 1232 1716 1262 ’.ῑιι
