1716 3190
316 206 409 267 us
533 206 1396 258 ANNOTATIONES

310 294 516 343 recedere,
540 295 582 336 &
607 295 646 336 in
665 305 823 350 ¹ceteros
847 295 994 340 menses
1048 303 1096 337 ιό
1123 296 1304 340 drachma
1331 292 1482 340 tantuin
1501 301 1590 340 ‘tres

315 350 461 390 obolos
476 350 566 390 dare
584 350 760 392 voluisse.
782 351 933 391 Verum
954 364 972 391 r
1032 351 1245 392 amantibus
1260 352 1592 401 Lacedaemoniis,

265 454 267 456 ι
312 403 357 444 in
381 403 590 458 primisque
610 405 866 446 Hermocrate
895 404 1170 458 Syracusano,
1194 404 1328 446 deinde
1361 406 1462 447 aliud
1487 408 1588 448 inter

314 470 387 498 eos
411 457 565 512 pa&um
588 458 724 498 initum
747 458 877 505 fuisse,
898 471 921 499 e
943 471 1027 513 quo
1045 470 1196 513 praeter
1215 460 1389 513 quinque
1413 460 1494 501 illas
1519 473 1590 500 na·

313 524 413 559 veS,
426 525 590 565 quarum
607 513 813 567 praecipua
831 512 960 566 aliqua
981 514 1081 554 ratio
1102 513 1235 554 habita
1254 514 1429 562 videtur,
1450 515 1488 554 id
1507 513 1561 555 est
1573 545 1589 562 ,
1668 508 1669 511 ¹

310 576 468 620 praeter
490 574 583 615 eos,
606 566 674 619 qui
691 565 749 606 his
772 565 1037 615 vehebantur,
1055 569 1169 607 etiam
1187 580 1344 616 omnes,
1359 568 1427 621 qui
1443 568 1482 608 in
1507 567 1589 610 aliis

313 619 482 661 navibus
509 629 642 667 erant,
667 633 750 660 non
781 620 934 674 quidem
960 622 1147 674 integram
1176 621 1422 672 drachmam,
1444 621 1505 663 sed
1530 630 1588 662 ta-

314 686 407 716 men
439 673 525 728 plus
552 686 668 728 quam
692 684 826 714 ternos
844 675 883 713 in
913 674 1012 715 diem
1043 675 1186 716 obolos
1219 676 1452 730 acciperent.
1483 677 1586 718 Nam

315 728 491 780 quinque
513 728 569 767 his
593 728 760 768 navibus
782 728 854 768 tria
871 729 912 768 in
939 728 1106 769 mensem
1128 730 1294 776 talenta,
1313 743 1412 783 quae
1435 742 1459 770 e
1504 730 1585 770 rio-

314 794 360 821 re
382 780 498 835 pasto
522 781 634 835 plura
656 782 868 829 dabantur,
887 781 929 822 δι
948 783 1084 823 ceteris
1107 783 1308 832 omnibus,
1321 794 1471 837 quantu
1490 795 1588 825 cun-

316 847 396 888 que
421 848 553 876 eatum
580 834 672 876 effet
700 848 908 882 numerus,
937 836 985 876 ad
1014 837 1175 877 eandem
1203 839 1417 886 rationem,
1451 837 1487 877 id
1511 836 1589 885 est,

317 902 402 931 non
428 889 542 943 plus,
566 902 640 930 nec
668 888 819 937 minus,
865 902 956 930 uam
978 901 1078 944 quot
1098 890 1292 931 menfibus
1310 889 1383 931 tria
1411 892 1452 931 in
1478 892 1591 946 quin-

314 956 396 996 que
420 947 539 983 nave‘s
566 944 708 988 talenta
730 945 820 984 data
856 943 961 984 uiffe.
983 945 1094 986 Haec
1118 958 1221 985 nunc
1247 943 1301 984 est
1326 958 1412 985 mea
1437 945 1484 986 de
1511 946 1588 987 hoc

317 996 411 1038 loco
435 996 639 1047 sententia,
662 1011 805 1052 quam,
825 997 855 1038 fi
877 999 964 1051 quis
983 998 1143 1039 meliora
1166 1012 1229 1039 me
1252 999 1429 1047 docebit,
1449 999 1588 1040 lubens

316 1050 497 1092 deseram.
520 1050 696 1093 DUKER.
720 1051 836 1093 Conf.
862 1051 1002 1093 Heilm.
1025 1052 1093 1106 qui
1118 1052 1156 1092 h.
1182 1052 1206 1093 l.
1239 1053 1291 1093 ita
1316 1052 1519 1107 legendum
1543 1054 1588 1094 δε

315 1105 668 1160 interpungendum
696 1105 846 1147 censet:
878 1105 1142 1160 Ἑρμοκράτους
1173 1106 1220 1147 x&
1253 1105 1494 1147 ἀντειπόντος
1519 1105 1587 1146 τοῦ

317 1165 407 1210 Συςν.
431 1158 653 1214 στρατηγοῦ
679 1159 725 1213 (ὃ
755 1162 834 1216 ’γὰρ
849 1160 1062 1214 Θηραμένης
1087 1183 1133 1192 -
1158 1162 1340 1211 μοιλοικδς
1355 1154 1393 1202 ἦν
1413 1161 1498 1214 περὶ
1521 1157 1592 1201 τοῦ

350 1212 471 1253 «ιο-δοῦ·
485 1214 583 1266 ὅμως
601 1213 647 1253 ἑὲ
666 1217 775 1268 παρὰ
797 1215 910 1255 πέντε
932 1213 1022 1255 ναῦς
1038 1214 1154 1256 πλέον
1167 1213 1270 1269 &Upi
1289 1213 1440 1263 ἔκέιτσῳ
1457 1217 1476 1256 ii
1492 1214 1590 1268 τρεῖς

316 1267 442 1314 όβολοι
464 1264 566 1318 ὧμολ
619 1265 767 1309 ›ionem-
792 1269 828 1309 ἐς
851 1270 930 1324 ’γὰρ
950 1269 1066 1309 πέντε
1089 1265 1178 1310 ναῦς
1206 1268 1272 1308 κει)
1296 1268 1481 1323 (adhuc)
1500 1268 1590 1322 τρίοι

316 1325 498 1362 τάλαντα
518 1322 578 1363 {sl
606 1337 646 1361 ου
667 1320 734 1362 τοῦ
743 1322 889 1376 μηνός·)
911 1322 975 1363 καὶ
996 1322 1073 1364 τοῖς
1093 1318 1228 1366 ἄλλοις
1241 1323 1320 1364 &c.
1343 1333 1388 1363 ut
1409 1322 1589 1377 apodofis

318 1388 405 1418 non
419 1376 467 1416 ab
486 1375 598 1427 ὅμως,
613 1375 676 1417 sed
698 1390 720 1417 a
739 1377 803 1416 καὶ
822 1377 903 1417 τοῖς
922 1374 1055 1417 ἄλλοις
1072 1377 1238 1431 incipiat.

375 1433 449 1470 ead.
471 1431 495 1470 l.
526 1445 584 1471 11.
610 1430 692 1470 Τοῖς
713 1431 750 1470 ἐν
774 1429 824 1482 τῇ
848 1434 968 1482 Σάμῳ
992 1429 1218 1485 Ἀθηναίοις)
1242 1429 1301 1471 Cl.
1322 1429 1354 1470 οἱ
1376 1429 1412 1470 ἓν
1434 1428 1486 1480 ‘rii'
1509 1430 1591 1471 Σίι-

319 1499 382 1539 μῳ
395 1484 596 1532 Ἀθηναῖοι,
621 1485 826 1538 quomodo
848 1485 891 1525 δι
915 1483 1042 1524 Valla.
1066 1487 1214 1525 WAss.
1237 1483 1278 1524 Si
1309 1483 1468 1538 vulgata
1493 1482 1589 1525 scri-

318 1550 435 1594 ptura
462 1538 518 1579 est
549 1552 572 1579 a
599 1538 851 1592 Thucydide,
877 1538 989 1593 piane
1017 1538 1166 1578 insolita
1193 1537 1381 1579 struaura
1401 1538 1591 1581 orationis

319 1592 411 1633 usus
433 1592 513 1633 est:
535 1605 638 1647 quae
650 1623 663 1639 ,
682 1591 826 1633 etiamsi
841 1592 993 1632 dativos
1009 1593 1057 1632 ad
1073 1593 1301 1646 proximum
1321 1593 1590 1654 προσ-αφιγμέ-

322 1661 383 1688 νοω
408 1646 574 1694 referas,
601 1646 724 1686 nihilo
752 1647 882 1687 minus
903 1646 1030 1687 hiulca
1049 1646 1091 1687 δι
1113 1656 1294 1687 contorta
1310 1655 1409 1696 er1t3
1437 1645 1590 1702 planior

321 1699 476 1748 futura,
495 1700 526 1740 fi
545 1703 629 1754 ’γὰρ
649 1700 736 1740 tolli
757 1701 901 1742 liceret.

380 1756 473 1808 Pag.
502 1755 567 1805 48.
591 1756 614 1795 l.
642 1768 701 1795 10.
724 1753 968 1808 Δρίμυσσοιν)
985 1751 1160 1795 Hudson.
1213 1751 1352 1795 raefert
1367 1765 1437 1808 per
1462 1767 1496 1794 v.
1517 1753 1592 1794 Sed

321 1807 434 1862 «Ῥρύος
453 1809 496 1849 &
518 1808 614 1863 spicas
635 1808 739 1862 apud
759 1810 980 1849 Homerum
1010 1807 1148 1860 Odyff.
1211 1838 1226 1856 ,
1248 1820 1287 1848 v.
1316 1821 1388 1869 353
1404 1838 1418 1855 ,
1439 1807 1482 1848 δι
1511 1808 1593 1848 He-

323 1862 348 1904 s
372 1863 431 1904 ch.
457 1864 495 1902 in
521 1863 633 1916 ἓρίον.
655 1863 743 1902 Ι..ἰν.
768 1862 953 1916 Drymusa
973 1861 1211 1911 XXXVIII,
1234 1875 1295 1916 39.
1317 1861 1370 1902 1bi
1391 1872 1520 1902 tamen
1539 1861 1590 1902 LI

365 1917 431 1957 ler.
448 1915 585 1958 Codex
598 1915 672 1958 Ms.
687 1916 842 1968 Polybii
863 1916 968 1969 apud
981 1915 1164 1957 Urfinum
1182 1912 1423 1969 Δρομοὸσσα..
1435 1915 1497 1956 Cl.
1519 1915 1592 1957 Gr.

323 1970 571 2025 Δρόμου-σοιν.
594 1971 698 2012 Rara
712 2002 724 2020 ,
738 1981 806 2010 aut
822 1970 927 2010 nulla
942 1970 1029 2009 alibi
1046 1970 1161 2010 huius
1182 1968 1328 2009 insulae
1345 1970 1505 2010 mentio.
1521 1971 1593 2009 Pe·

325 2025 397 2066 lam
417 2025 589 2078 agnoscit
611 2025 746 2066 Livius
763 2023 960 2070 XXXVI,
983 2038 1059 2078 43,
1083 2022 1342 2076 Marathuffizm
1365 2022 1510 2064 Plinius
1534 2023 1590 2072 V,

362 2092 392 2118 1.
413 2079 623 2132 Marathufiz
639 2078 825 2133 oppidum
845 2078 999 2118 Cretae.
1023 2075 1243 2131 Δρυμοῦσοιν
1265 2076 1332 2116 καὶ
1351 2077 1479 2118 Πήλιον
1499 2076 1591 2117 Ari-

325 2094 437 2175 {ides
460 2133 578 2174 Tom.
603 2133 642 2181 Ι,
675 2146 712 2186 p.
741 2131 828 2186 516.
849 2134 995 2172 WAss.
1025 2131 1144 2184 Quae
1173 2131 1237 2171 hic
1259 2130 1484 2184 Δρίμυσσιι,
1508 2131 1593 2172 Ste-

324 2188 459 2253 phano
473 2187 528 2228 est
540 2185 794 2240 Δρυμοῦσσοι,
813 2186 985 2238 Polybio
1001 2186 1179 2240 Excerpt.
1196 2184 1395 2246 Legation.
1413 2184 1591 2225 XXXVI

326 2254 369 2282 111
390 2241 448 2281 ed.
471 2240 592 2282 Plant.
613 2238 837 2296 Δρυμοῦσοι,
858 2240 897 2279 in
919 2239 1102 2281 Gronov.
1126 2247 1384 2292 Δρυμουσο-ιι,
1406 2239 1448 2279 δι
1465 2237 1591 2280 Plinio

325 2295 352 2337 l.
379 2296 413 2334 d.
434 2295 628 2357 nysmlfh·
654 2295 887 2349 Scripturam
916 2307 984 2347 per
1007 2308 1028 2332 υ
1053 2292 1218 2348 probant
1241 2292 1354 2333 etiam
1381 2291 1593 2333 Palmerius
1674 2295 1676 2298 '
1713 2276 1716 2277 ⁷

326 2350 367 2389 in
391 2349 668 2390 Exercitation.
691 2363 727 2403 p.
753 2361 813 2402 57,
832 2348 1058 2387 Harduinus
1080 2347 1127 2387 ad
1140 2345 1329 2394 Plinium,
1343 2344 1385 2386 δι
1401 2344 1592 2387 Cellarius

328 2402 386 2448 111
400 2403 547 2456 Geogr.
565 2403 659 2443 Ant.
682 2418 704 2443 2
718 2431 730 2451 ‚
746 2403 813 2455 qui
831 2402 869 2441 in
885 2401 1115 2454 Thucydide
1133 2413 1156 2440 e
1174 2400 1368 2454 Stephano
1383 2398 1592 2439 rescriben-

325 2457 423 2497 dum
446 2456 574 2497 censet
597 2454 855 2510 Δρυμοῦο-σοιν.
875 2456 995 2496 Pelam
1016 2455 1055 2494 in
1075 2453 1176 2494 Livii
1195 2453 1220 2494 l.
1250 2452 1285 2493 d.
1309 2465 1391 2493 non
1420 2453 1595 2495 invenio.

331 2510 554 2555 Memorant
569 2523 655 2554 eam
674 2510 814 2553 Plinius
836 2510 892 2560 V,
915 2523 958 2566 31
974 2538 986 2560 ,
1007 2507 1184 2557 XXXII,
1208 2521 1230 2548 2
1242 2537 1259 2557 ,
1278 2507 1322 2551 δι
1340 2506 1567 2562 Stephanus.
