1716 3190
349 200 452 266 '460
756 201 1227 257 ΣΧΟΛΙΑ

409 301 511 350 Pag.
532 310 595 351 39.
608 300 632 342 l.
643 303 680 343 6.
692 299 785 343 Καὶ
799 304 842 343 αι
853 316 936 353 ννες
951 302 1142 354 σχοῦσαι)
1154 303 1234 342 τῶν
1246 293 1526 355 Συρακουσίων.
1541 302 1566 344 l.
1583 314 1623 354 7.-

347 353 439 400 Ἔπ’
461 363 562 402 οἴκου
585 359 720 407 ἕκαςαι
736 359 994 415 διεκρίθησαν)
1017 359 1266 402 ἀπέπλευσαν
1284 357 1343 401 ἔπ’
1360 362 1461 402 οἴκου
1479 362 1626 417 διακρι-

348 421 488 459 θεῖσαι.
505 419 531 459 l.
548 434 585 470 9.
598 419 672 464 Ως
689 416 983 478 κεκακωμένην)
999 423 1137 465 κακῶς
1150 420 1401 472 πάσχουσαν,
1413 420 1630 473 δεδυςυχη·

350 480 476 518 κυῖαν.
506 479 533 518 l.
551 493 616 519 10.
639 479 743 522 Ταῖς
762 481 895 523 ναυσὶν
912 475 1126 538 ἐπειρῶντο)
1145 479 1344 535 γράφεται
1364 477 1531 536 ἐπείρων.
1551 481 1628 533 τὴν
1704 515 1710 522 ι

349 533 576 588 Μεσσήνην
591 539 772 590 δηλονότι.

412 598 516 647 Pag.
533 611 602 646 40.
622 599 647 639 l.
665 611 703 640 2.
722 597 813 640 Και
831 596 1072 652 κατεδίωξαν
1087 597 1177 643 τους
1190 595 1465 650 Μεσσηνίους)
1486 600 1629 652 ἤγουν,

352 653 563 709 διώξαντες
577 655 776 710 ἐνέβαλον.
806 657 832 697 l.
853 669 888 708 3.
908 657 1256 712 Τεταραγμένοις)
1273 662 1354 703 τοῖς
1373 657 1630 709 Μεσσηνίοις.

353 716 441 755 ead.
467 714 777 769 Ἐπιγενόμενοι)
795 714 1037 761 ἐπιτεθέντες.
1065 717 1091 757 I.
1115 730 1153 767 9.
1171 716 1306 760 Κατα
1322 718 1460 773 χώραν
1477 718 1630 770 ἔμενεν)
1704 723 1705 726 ’

351 776 478 825 ἤγουν
494 777 706 831 ἡσύχαζεν.
720 778 746 817 I.
767 791 783 817 1
797 790 832 817 1.
845 775 940 818 Ὀτι
955 778 1013 828 μη
1033 777 1151 828 μία)’
1135 778 1319 828 η’γουν,ει’
1336 778 1394 829 μὴ
1409 780 1496 831 μία.
1512 778 1539 818 ἶ.
1556 789 1625 818 12.

349 829 492 875 Ἀλλα
509 831 810 910 διαμώμενοι)’
787 836 878 878 αντὶ
895 837 966 877 τοῦ
988 834 1306 880 διασκάπτοντες.
1326 839 1470 892 εἴρηται
1486 836 1524 877 δὲ
1546 835 1627 878 ἀπὸ
1698 840 1707 868 -‘

353 896 427 936 τοῦ
442 894 548 946 άμη,
567 897 590 938 ὅ
604 895 657 942 ἐςι
676 898 842 948 σκαφίον
861 896 1003 937 πλατύ.
1017 895 1205 947 βούλεται
1223 894 1265 938 δὲ
1277 896 1390 938 εἰπεῖν
1406 897 1463 939 ὅτι
1477 895 1631 943 ὒιαςέλ·
1692 935 1693 938 ,

354 958 495 998 λοντες
511 955 578 997 τὸν
602 955 816 1007 κάχληκα,
842 955 911 996 καὶ
925 954 1084 1010 βόθρους
1107 951 1167 995 ἐπὶ
1185 955 1253 997 τὸν
1276 955 1463 1007 αἰγιαλὸν
1483 958 1630 997 ποιοῦν.

353 1027 446 1060 τες,
465 1015 637 1070 ηὕρισκον
667 1012 877 1068 ὑδως,·οἴον
899 1014 951 1056 ἄν
973 1030 1033 1059 τις
1058 1014 1111 1057 εἰς
1139 1011 1320 1066 ἀνάγκην
1345 1018 1417 1057 πίοι
1439 1013 1483 1056 δι’
1499 1015 1630 1070 ἄκραν
1692 1015 1696 1046 ’-

351 1070 484 1124 διψαν.
532 1075 559 1115 l.
591 1088 658 1124 14.
677 1073 930 1130 Στενοχωριά
946 1089 988 1116 τε
1003 1072 1043 1116 ἐν
1062 1073 1204 1127 ὀλιγῳ)
1221 1074 1433 1127 διαςήματι
1454 1074 1630 1126 δηλονότι
1693 1116 1696 1117 .

351 1146 379 1173 τ
405 1146 425 1175 ς

380 1149 401 1184 η
413 1149 538 1244 Paga
537 1208 606 1244 41.
625 1194 650 1235 l.
666 1207 703 1236 2.
725 1191 918 1249 Ηρουντο
936 1208 1046 1236 κατα
1062 1189 1244 1264 μέρος)’
1221 1193 1313 1235 αντὶ
1329 1195 1402 1236 του
1414 1207 1523 1235 κατα
1541 1193 1632 1235 δια·
1684 1214 1687 1218 >

353 1248 495 1304 δοχην.
517 1254 604 1294 ead.
622 1252 682 1296 Αἱ
698 1252 757 1302 δὲ,
770 1252 970 1308 μετέωροι)
983 1255 1102 1306 η’γουν
1121 1252 1179 1294 ἐπ’
1182 1250 1390 1311 ἀγκυρῶν.
1407 1254 1433 1294 l.
1453 1265 1487 1304 3.
1504 1250 1631 1307 Παρὰ
1684 1296 1688 1299 ,

352 1313 471 1363 λόγον
487 1311 797 1366 ἐπιγιγνόμενος)
814 1313 922 1368 παρα
937 1312 1163 1385 προσδοκιαν
1179 1312 1419 1386 συμβαίνων.
1451 1313 1477 1353 I.
1494 1326 1534 1362 4.
1551 1310 1630 1353 H-

352 1374 482 1427 μερῶν
498 1368 667 1431 ὂλίγων)
683 1372 793 1416 ἐντὸς
811 1372 998 1424 δηλονότι.
1037 1374 1064 1413 l.
1082 1387 1118 1421 5.
1139 1370 1242 1413 Ἐν
1233 1374 1334 1424 νήσῳ
1348 1387 1394 1414 τε
1409 1367 1558 1430 ἐρηιιη)
1573 1373 1634 1414 δν-

352 1445 432 1475 τας
450 1430 630 1484 δηλονότι.
659 1434 685 1473 l.
702 1447 738 1484 9.
761 1432 994 1488 Τάξαντες)
1011 1433 1055 1475 τὸ
1076 1431 1260 1482 εἰσάγειν.
1288 1432 1376 1472 ead.
1396 1429 1633 1504 Ἀργυρίου)
1687 1437 1689 1439 ’

351 1489 479 1534 ἑνεκεν
497 1492 685 1542 δηλονότι.
717 1494 744 1533 l.
769 1504 834 1543 13.
849 1490 920 1536 Ἐς
934 1508 990 1534 τα
1007 1491 1099 1547 πρὸς
1117 1490 1162 1533 τὸ
1179 1487 1380 1549 πέλαγος)
1396 1490 1437 1535 ἐς
1456 1491 1510 1534 τοὶ
1524 1492 1632 1546 ἀφο·
1683 1508 1687 1542 χ

351 1553 494 1605 ρῶντα.
533 1553 559 1592 I.
579 1566 645 1602 14.
665 1547 1010 1609 Καταφέρεσῢαι)
1026 1549 1293 1602 κατάγεσθαι.
1643 1547 1646 1551 ’
1670 1578 1684 1606 :⁴

416 1611 516 1662 Pag.
539 1625 607 1662 42.
625 1613 653 1654 l.
679 1625 717 1654 2.
730 1609 907 1666 Ἀπορον
928 1611 1009 1665 γας
1029 1609 1212 1663 ἐγίγνετο
1233 1611 1465 1666 περιορμεῖν)
1484 1610 1632 1666 α’πορον

346 1685 436 1729 yae
454 1670 500 1722 ἦν
516 1670 687 1723 δηλονότι
703 1674 791 1716 ταῖς
810 1685 921 1713 ναυσι
940 1673 1144 1726 περιορμεῖν
1162 1684 1233 1720 την
1254 1684 1378 1722 νησον.
1399 1672 1425 1712 I.
1445 1683 1480 1722 3.
1493 1668 1634 1723 Ἀφει-

350 1728 451 1781 δης
434 1746 451 1772 ο
469 1734 700 1775 κατάπλους
718 1729 932 1782 καθεςήκει)
949 1733 1094 1782 ἤγουν,
1106 1728 1382 1782 ἀφειδοῦντες“
1364 1733 1511 1773 εαυτῶν
1528 1742 1629 1772 κατ-

353 1787 499 1833 έπλεον.
539 1792 626 1833 ead.
646 1789 892 1832 Ἐπώκελλον
907 1790 989 1845 γοὶς
1009 1789 1064 1832 τοὶ
1087 1791 1231 1840 πλοῖα)
1253 1786 1471 1844 ἐξεδίδοσαν
1491 1791 1632 1843 (Φησὶ)

352 1850 404 1901 τῇ
420 1850 540 1906 πέτρα
555 1851 612 1892 τὰ
626 1854 743 1893 πλοῖα
758 1848 951 1902 ὠνηθέντα
964 1849 1186 1904 χρημάτων
1201 1849 1274 1891 ὑπὸ
1287 1849 1631 1902 Λακεδαιμονίων.
1669 1879 1679 1885 -

351 1907 579 1962 ὑπέσχοντο
599 1910 678 1963 γοὶς
698 1913 778 1954 τοῖς
798 1912 1027 1961 ναυκλήροις
1044 1909 1176 1951 δώσειν
1194 1908 1271 1952 τοὶς
1293 1907 1416 1962 τιμὰς
1430 1909 1462 1950 εἰ
1479 1907 1632 1959 ἀπόλη-

350 1983 421 2010 ται
439 1969 494 2011 τοὶ
507 1968 642 2012 αὐτῶν
657 1972 787 2012 πλοῖα.
817 1971 844 2010 l.
861 1983 898 2020 4.
910 1966 1010 2025 Περὶ
1018 1967 1093 2014 τοὶς
1108 1967 1337 2024 κατάρσεις)
1349 1968 1556 2024 κατάρσεις
1569 1966 1633 2010 λέ,

351 2042 418 2079 γει
433 2029 523 2072 τοὺς
537 2027 766 2082 ἐπιτηδείους
780 2029 836 2075 εἰς
851 2029 1106 2081 καταγωγὴν
1120 2029 1258 2072 τόπους
1269 2029 1340 2069 καὶ
1354 2027 1408 2074 εἰς
1421 2027 1465 2070 τὸ
1483 2041 1631 2084 προσορ·
1669 2065 1672 2072 ,

353 2090 549 2143 μίξεσθαι.
562 2105 606 2132 το
594 2088 660 2131 δὲ
675 2087 919 2142 ἐφύλασσον,
932 2103 1018 2131 αντι
1034 2090 1105 2131 τοῦ
1117 2119 1130 2138 ,
1142 2085 1336 2144 Φρουροι
1314 2101 1418 2139 ησαν
1432 2086 1534 2133 τινὲς
1549 2090 1630 2130 τῶν

349 2149 698 2222 πολιορκουμένων,
724 2150 790 2190 ι’να
816 2147 924 2194 εὐθὺς
951 2146 1186 2202 ἀπολάβωσι
1216 2162 1293 2192 τας
1325 2146 1486 2203 τροφάς.
1534 2147 1561 2187 l
1584 2151 1672 2188 6.1

349 2203 529 2250 Ἐσένεον
546 2204 618 2267 δὲ)
637 2209 948 2263 εἷσεκολύμβων,
962 2207 1205 2262 εἰσηρχοντο.
1255 2207 1282 2246 L
1309 2218 1346 2258 7.
1366 2204 1629 2280 Ἐφέλκοντεο
1664 2259 1666 2261 ,

350 2283 523 2320 μηκωνα
535 2268 870 2323 μεμελιτωμένην)
880 2264 977 2312 εἶδος
990 2266 1191 2320 βοτάνης
1174 2282 1197 2318 η
1209 2268 1359 2339 μηκῶν,
1369 2262 1444 2317 ηςό
1455 2263 1528 2318 μὲν
1539 2264 1634 2312 ὀπὸς
1654 2280 1655 2284 ’

349 2327 595 2381 θανάσιμος,
619 2330 670 2373 ὡς
691 2328 867 2380 λέγεται·
888 2326 934 2370 τὸ
959 2326 1000 2369 δὲ
1023 2329 1156 2380 σῶμα,
1179 2326 1446 2376 γλυκύτατον.
1465 2323 1628 2367 δύναται
1654 2335 1655 2338 ’

350 2385 392 2428 δὲ
421 2391 546 2440 πείνης
567 2386 842 2431 ἀπαλλάττειν
844 2386 1086 2459 μιγνυμένη
1115 2384 1256 2438 μέλιτι.
1300 2386 1327 2427 l.
1350 2391 1388 2430 8.
1408 2381 1500 2426 Καὶ
1521 2387 1628 2426 λινου
1663 2408 1668 2412 v
1687 2417 1689 2419 ψ

351 2445 509 2519 σπέρμα
524 2446 778 2499 κεκομμένον)
791 2450 912 2490 τοῦτο
929 2447 1042 2499 δίψης
1059 2443 1321 2487 ἀπαλλάττει.
1332 2443 1529 2498 θεραπεύει
1543 2442 1628 2498 γὰρ

349 2505 478 2559 αὐτὴν
494 2521 586 2565 προς
602 2506 736 2563 ὀλιγον
752 2506 837 2553 τινα
854 2506 996 2565 καιρόν.
1010 2502 1092 2554 ὅθεν
1105 2504 1266 2550 καὶτοῖς
1283 2501 1502 2561 πυρέττουσι
1518 2515 1630 2560 προσ*
1644 2497 1660 2514 ’“
