<?xml version="1.0" encoding="UTF-8"?>
<!DOCTYPE html PUBLIC "-//W3C//DTD XHTML 1.0 Transitional//EN"
    "http://www.w3.org/TR/xhtml1/DTD/xhtml1-transitional.dtd">
<html xmlns="http://www.w3.org/1999/xhtml" xml:lang="en" lang="en">
 <head>
  <title>
</title>
<meta http-equiv="Content-Type" content="text/html;charset=utf-8" />
  <meta name='ocr-system' content='tesseract 3.04.00' />
  <meta name='ocr-capabilities' content='ocr_page ocr_carea ocr_par ocr_line ocrx_word'/>
</head>
<body>
  <div class='ocr_page' id='page_1' title='image "./debellopeloponn05thucuoft_0198.png"; bbox 0 0 1716 3190; ppageno 0'>
   <div class='ocr_carea' id='block_1_1' title="bbox 286 180 1344 273">
    <p class='ocr_par' dir='ltr' id='par_1_1' title="bbox 286 180 1344 273">
     <span class='ocr_line' id='line_1_1' title="bbox 286 180 1344 273; baseline -0.004 0"><span class='ocrx_word' id='word_1_1' title='bbox 286 223 377 273; x_wconf 75' lang='lat'>188</span> <span class='ocrx_word' id='word_1_2' title='bbox 484 221 795 271; x_wconf 84' lang='lat' dir='ltr'><strong>VARIAE</strong></span> <span class='ocrx_word' id='word_1_3' title='bbox 859 180 1344 269; x_wconf 67' lang='lat' dir='ltr'>LECTmmz&#39;s</span> 
     </span>
    </p>
   </div>
   <div class='ocr_carea' id='block_1_2' title="bbox 278 305 1562 960">
    <p class='ocr_par' dir='ltr' id='par_1_2' title="bbox 278 305 1562 960">
     <span class='ocr_line' id='line_1_2' title="bbox 278 305 1547 368; baseline -0.002 -16"><span class='ocrx_word' id='word_1_4' title='bbox 278 313 308 352; x_wconf 81' lang='lat' dir='ltr'><strong>l.</strong></span> <span class='ocrx_word' id='word_1_5' title='bbox 327 312 365 353; x_wconf 86' lang='lat'><strong>8.</strong></span> <span class='ocrx_word' id='word_1_6' title='bbox 383 311 502 368; x_wconf 78' lang='grc' dir='ltr'><strong><em>μέχρι</em></strong></span> <span class='ocrx_word' id='word_1_7' title='bbox 520 311 708 368; x_wconf 72' lang='grc' dir='ltr'><strong><em>Ἐρυθρῶν)</em></strong></span> <span class='ocrx_word' id='word_1_8' title='bbox 729 310 870 366; x_wconf 81' lang='grc' dir='ltr'><strong><em>μέχρις</em></strong></span> <span class='ocrx_word' id='word_1_9' title='bbox 891 309 1053 364; x_wconf 67' lang='grc' dir='ltr'><strong><em>Ἐρυθρῶν</em></strong></span> <span class='ocrx_word' id='word_1_10' title='bbox 1073 309 1135 349; x_wconf 88' lang='lat' dir='ltr'>Re</span> <span class='ocrx_word' id='word_1_11' title='bbox 1163 340 1172 349; x_wconf 91' lang='lat'><strong>.</strong></span> <span class='ocrx_word' id='word_1_12' title='bbox 1199 309 1318 364; x_wconf 83' lang='grc' dir='ltr'><strong><em>μέχρι</em></strong></span> <span class='ocrx_word' id='word_1_13' title='bbox 1340 305 1547 364; x_wconf 67' lang='grc' dir='ltr'>Ἐρυθραίῶν</span> 
     </span>
     <span class='ocr_line' id='line_1_3' title="bbox 280 322 1548 420; baseline -0.003 -13"><span class='ocrx_word' id='word_1_14' title='bbox 280 365 390 407; x_wconf 89' lang='lat' dir='ltr'><strong>Dan.</strong></span> <span class='ocrx_word' id='word_1_15' title='bbox 445 371 520 407; x_wconf 81' lang='lat' dir='ltr'>ead.</span> <span class='ocrx_word' id='word_1_16' title='bbox 535 371 578 406; x_wconf 68' lang='lat' dir='ltr'>‘rb</span> <span class='ocrx_word' id='word_1_17' title='bbox 599 370 710 419; x_wconf 72' lang='grc' dir='ltr'><strong><em>παρὰ.</em></strong></span> <span class='ocrx_word' id='word_1_18' title='bbox 724 367 906 420; x_wconf 64' lang='grc' dir='ltr'><strong><em>Ἀμόργου</em></strong></span> <span class='ocrx_word' id='word_1_19' title='bbox 920 322 1164 418; x_wconf 54' lang='grc' dir='ltr'>ἑπικουρικὶιξ</span> <span class='ocrx_word' id='word_1_20' title='bbox 1182 365 1225 402; x_wconf 73' lang='grc' dir='ltr'>τό</span> <span class='ocrx_word' id='word_1_21' title='bbox 1243 363 1327 416; x_wconf 64' lang='grc' dir='ltr'>περὶ</span> <span class='ocrx_word' id='word_1_22' title='bbox 1344 366 1409 403; x_wconf 75' lang='grc' dir='ltr'><strong><em>τὶιν</em></strong></span> <span class='ocrx_word' id='word_1_23' title='bbox 1423 362 1548 416; x_wconf 74' lang='grc' dir='ltr'><strong><em>Ἀμόρ-</em></strong></span> 
     </span>
     <span class='ocr_line' id='line_1_4' title="bbox 281 416 1552 475; baseline -0.006 -13"><span class='ocrx_word' id='word_1_24' title='bbox 281 435 357 475; x_wconf 63' lang='grc' dir='ltr'>γην</span> <span class='ocrx_word' id='word_1_25' title='bbox 379 420 481 461; x_wconf 66' lang='grc' dir='ltr'>ἐστιν..</span> <span class='ocrx_word' id='word_1_26' title='bbox 507 421 614 461; x_wconf 76' lang='lat' dir='ltr'>malit</span> <span class='ocrx_word' id='word_1_27' title='bbox 634 422 707 461; x_wconf 85' lang='lat' dir='ltr'>Ae.</span> <span class='ocrx_word' id='word_1_28' title='bbox 729 419 834 459; x_wconf 89' lang='lat' dir='ltr'>Port.</span> <span class='ocrx_word' id='word_1_29' title='bbox 857 419 959 459; x_wconf 87' lang='lat' dir='ltr'>Nam</span> <span class='ocrx_word' id='word_1_30' title='bbox 982 417 1096 472; x_wconf 86' lang='lat' dir='ltr'>supra</span> <span class='ocrx_word' id='word_1_31' title='bbox 1116 417 1275 466; x_wconf 83' lang='lat' dir='ltr'>dicitur,</span> <span class='ocrx_word' id='word_1_32' title='bbox 1295 416 1382 458; x_wconf 82' lang='grc' dir='ltr'><strong><em>τοὺς</em></strong></span> <span class='ocrx_word' id='word_1_33' title='bbox 1401 417 1552 458; x_wconf 77' lang='grc' dir='ltr'><strong><em>ἐπικού-</em></strong></span> 
     </span>
     <span class='ocr_line' id='line_1_5' title="bbox 281 472 1452 528; baseline -0.003 -15"><span class='ocrx_word' id='word_1_34' title='bbox 281 489 364 528; x_wconf 78' lang='grc' dir='ltr'><strong><em>ρους</em></strong></span> <span class='ocrx_word' id='word_1_35' title='bbox 385 474 473 515; x_wconf 85' lang='grc' dir='ltr'><strong><em>τοὺς</em></strong></span> <span class='ocrx_word' id='word_1_36' title='bbox 499 475 582 528; x_wconf 71' lang='grc' dir='ltr'>περὶ</span> <span class='ocrx_word' id='word_1_37' title='bbox 609 476 673 514; x_wconf 64' lang='grc' dir='ltr'>τὸν</span> <span class='ocrx_word' id='word_1_38' title='bbox 693 473 890 528; x_wconf 69' lang='grc' dir='ltr'><strong><em>Ἀμόργην.</em></strong></span> <span class='ocrx_word' id='word_1_39' title='bbox 909 472 1048 512; x_wconf 85' lang='lat' dir='ltr'><strong>HUDS.</strong></span> <span class='ocrx_word' id='word_1_40' title='bbox 1450 499 1452 501; x_wconf 64' lang='grc'><em>»</em></span> 
     </span>
     <span class='ocr_line' id='line_1_6' title="bbox 339 522 1555 581; baseline -0.002 -15"><span class='ocrx_word' id='word_1_41' title='bbox 339 529 432 581; x_wconf 79' lang='lat' dir='ltr'><strong>Pag.</strong></span> <span class='ocrx_word' id='word_1_42' title='bbox 452 529 516 579; x_wconf 90' lang='lat'>46.</span> <span class='ocrx_word' id='word_1_43' title='bbox 537 529 561 568; x_wconf 89' lang='lat' dir='ltr'>l.</span> <span class='ocrx_word' id='word_1_44' title='bbox 592 542 625 568; x_wconf 92' lang='lat'><strong>1.</strong></span> <span class='ocrx_word' id='word_1_45' title='bbox 648 528 841 574; x_wconf 79' lang='grc' dir='ltr'><strong><em>βασιλέα)</em></strong></span> <span class='ocrx_word' id='word_1_46' title='bbox 862 525 1048 573; x_wconf 77' lang='grc' dir='ltr'><strong><em>βασιλέως</em></strong></span> <span class='ocrx_word' id='word_1_47' title='bbox 1070 525 1177 565; x_wconf 89' lang='lat' dir='ltr'><strong>Dan.</strong></span> <span class='ocrx_word' id='word_1_48' title='bbox 1249 526 1274 565; x_wconf 93' lang='lat' dir='ltr'><strong>I.</strong></span> <span class='ocrx_word' id='word_1_49' title='bbox 1295 539 1331 565; x_wconf 82' lang='lat'><strong>2.</strong></span> <span class='ocrx_word' id='word_1_50' title='bbox 1353 522 1555 565; x_wconf 47' lang='lat' dir='ltr'>siau-121⁴</span> 
     </span>
     <span class='ocr_line' id='line_1_7' title="bbox 283 578 1553 637; baseline -0.002 -15"><span class='ocrx_word' id='word_1_51' title='bbox 283 582 451 637; x_wconf 62' lang='grc' dir='ltr'><strong><em>πόντος)</em></strong></span> <span class='ocrx_word' id='word_1_52' title='bbox 471 582 513 622; x_wconf 57' lang='grc' dir='ltr'>θ’</span> <span class='ocrx_word' id='word_1_53' title='bbox 531 581 772 622; x_wconf 75' lang='grc' dir='ltr'><strong><em>ἀντειπόντος</em></strong></span> <span class='ocrx_word' id='word_1_54' title='bbox 793 579 863 620; x_wconf 88' lang='lat' dir='ltr'><strong>Gr.</strong></span> <span class='ocrx_word' id='word_1_55' title='bbox 914 581 939 618; x_wconf 89' lang='lat' dir='ltr'><strong>l.</strong></span> <span class='ocrx_word' id='word_1_56' title='bbox 959 594 992 633; x_wconf 83' lang='lat'><strong>3.</strong></span> <span class='ocrx_word' id='word_1_57' title='bbox 1013 585 1067 619; x_wconf 78' lang='grc' dir='ltr'>Θη</span> <span class='ocrx_word' id='word_1_58' title='bbox 1113 578 1253 632; x_wconf 72' lang='grc' dir='ltr'><strong><em>μένης)</em></strong></span> <span class='ocrx_word' id='word_1_59' title='bbox 1272 578 1473 632; x_wconf 77' lang='grc' dir='ltr'><strong><em>Θηριμένης</em></strong></span> <span class='ocrx_word' id='word_1_60' title='bbox 1489 578 1553 619; x_wconf 84' lang='lat' dir='ltr'>hic</span> 
     </span>
     <span class='ocr_line' id='line_1_8' title="bbox 285 631 1556 687; baseline -0.003 -10"><span class='ocrx_word' id='word_1_61' title='bbox 285 636 330 677; x_wconf 86' lang='lat'>&amp;</span> <span class='ocrx_word' id='word_1_62' title='bbox 350 634 448 676; x_wconf 86' lang='lat' dir='ltr'>infra</span> <span class='ocrx_word' id='word_1_63' title='bbox 470 634 570 677; x_wconf 78' lang='lat' dir='ltr'><strong>Cass.</strong></span> <span class='ocrx_word' id='word_1_64' title='bbox 587 635 659 677; x_wconf 90' lang='lat' dir='ltr'><strong>Gr.</strong></span> <span class='ocrx_word' id='word_1_65' title='bbox 672 635 719 675; x_wconf 88' lang='lat' dir='ltr'>In</span> <span class='ocrx_word' id='word_1_66' title='bbox 735 633 836 674; x_wconf 83' lang='lat' dir='ltr'><strong>Caff.</strong></span> <span class='ocrx_word' id='word_1_67' title='bbox 854 633 916 673; x_wconf 88' lang='lat' dir='ltr'>hic</span> <span class='ocrx_word' id='word_1_68' title='bbox 936 645 1047 674; x_wconf 84' lang='lat' dir='ltr'>corre</span> <span class='ocrx_word' id='word_1_69' title='bbox 1086 645 1134 673; x_wconf 84' lang='lat' dir='ltr'>or</span> <span class='ocrx_word' id='word_1_70' title='bbox 1153 647 1182 672; x_wconf 89' lang='grc' dir='ltr'><strong><em>α</em></strong></span> <span class='ocrx_word' id='word_1_71' title='bbox 1195 632 1309 687; x_wconf 88' lang='lat' dir='ltr'>super</span> <span class='ocrx_word' id='word_1_72' title='bbox 1327 647 1339 672; x_wconf 89' lang='grc' dir='ltr'><strong><em>ι</em></strong></span> <span class='ocrx_word' id='word_1_73' title='bbox 1387 631 1556 673; x_wconf 84' lang='lat' dir='ltr'>osuerat.</span> 
     </span>
     <span class='ocr_line' id='line_1_9' title="bbox 283 685 1555 743; baseline -0.002 -15"><span class='ocrx_word' id='word_1_74' title='bbox 283 690 310 728; x_wconf 90' lang='lat' dir='ltr'><strong>l.</strong></span> <span class='ocrx_word' id='word_1_75' title='bbox 334 689 372 729; x_wconf 92' lang='lat'>6.</span> <span class='ocrx_word' id='word_1_76' title='bbox 398 690 498 730; x_wconf 88' lang='lat' dir='ltr'>Tres</span> <span class='ocrx_word' id='word_1_77' title='bbox 521 689 752 743; x_wconf 83' lang='lat' dir='ltr'>posteriores</span> <span class='ocrx_word' id='word_1_78' title='bbox 777 688 907 727; x_wconf 80' lang='lat' dir='ltr'>literae</span> <span class='ocrx_word' id='word_1_79' title='bbox 937 687 1048 727; x_wconf 86' lang='lat' dir='ltr'>vocis</span> <span class='ocrx_word' id='word_1_80' title='bbox 1069 685 1183 726; x_wconf 68' lang='grc' dir='ltr'><strong><em>πέντε</em></strong></span> <span class='ocrx_word' id='word_1_81' title='bbox 1209 687 1247 726; x_wconf 87' lang='lat' dir='ltr'>in</span> <span class='ocrx_word' id='word_1_82' title='bbox 1270 686 1328 727; x_wconf 86' lang='lat' dir='ltr'>Ca</span> <span class='ocrx_word' id='word_1_83' title='bbox 1362 716 1369 726; x_wconf 93' lang='lat'><strong>.</strong></span> <span class='ocrx_word' id='word_1_84' title='bbox 1405 685 1555 725; x_wconf 87' lang='lat' dir='ltr'>recenti</span> 
     </span>
     <span class='ocr_line' id='line_1_10' title="bbox 285 739 1556 798; baseline -0.004 -14"><span class='ocrx_word' id='word_1_85' title='bbox 285 755 404 784; x_wconf 87' lang='lat' dir='ltr'>manu</span> <span class='ocrx_word' id='word_1_86' title='bbox 422 743 582 798; x_wconf 85' lang='lat' dir='ltr'>scriptae</span> <span class='ocrx_word' id='word_1_87' title='bbox 595 754 727 789; x_wconf 88' lang='lat' dir='ltr'>erant,</span> <span class='ocrx_word' id='word_1_88' title='bbox 746 742 868 782; x_wconf 90' lang='lat' dir='ltr'>deleta</span> <span class='ocrx_word' id='word_1_89' title='bbox 887 739 1076 795; x_wconf 84' lang='lat' dir='ltr'>scriptura</span> <span class='ocrx_word' id='word_1_90' title='bbox 1093 751 1227 781; x_wconf 88' lang='lat' dir='ltr'>vetere</span> <span class='ocrx_word' id='word_1_91' title='bbox 1238 771 1254 788; x_wconf 93' lang='lat'>‚</span> <span class='ocrx_word' id='word_1_92' title='bbox 1267 741 1308 781; x_wconf 87' lang='lat'>&amp;</span> <span class='ocrx_word' id='word_1_93' title='bbox 1327 739 1463 781; x_wconf 59' lang='lat' dir='ltr'>relicto</span> <span class='ocrx_word' id='word_1_94' title='bbox 1482 752 1556 780; x_wconf 85' lang='lat' dir='ltr'>va-</span> 
     </span>
     <span class='ocr_line' id='line_1_11' title="bbox 285 793 1555 852; baseline -0.003 -15"><span class='ocrx_word' id='word_1_95' title='bbox 285 809 366 838; x_wconf 89' lang='lat' dir='ltr'>cuo</span> <span class='ocrx_word' id='word_1_96' title='bbox 389 796 513 852; x_wconf 84' lang='lat' dir='ltr'>spatio</span> <span class='ocrx_word' id='word_1_97' title='bbox 536 799 634 838; x_wconf 85' lang='lat' dir='ltr'>inter</span> <span class='ocrx_word' id='word_1_98' title='bbox 655 810 701 836; x_wconf 81' lang='grc' dir='ltr'>τε</span> <span class='ocrx_word' id='word_1_99' title='bbox 720 797 763 837; x_wconf 89' lang='lat'>&amp;</span> <span class='ocrx_word' id='word_1_100' title='bbox 781 793 881 835; x_wconf 78' lang='grc' dir='ltr'><strong><em>ναῦς.</em></strong></span> <span class='ocrx_word' id='word_1_101' title='bbox 937 795 961 834; x_wconf 93' lang='lat' dir='ltr'><strong>l.</strong></span> <span class='ocrx_word' id='word_1_102' title='bbox 982 808 1020 846; x_wconf 89' lang='lat'>7.</span> <span class='ocrx_word' id='word_1_103' title='bbox 1040 794 1078 833; x_wconf 78' lang='grc' dir='ltr'>ἐς</span> <span class='ocrx_word' id='word_1_104' title='bbox 1092 797 1173 849; x_wconf 64' lang='grc' dir='ltr'>γᾶς</span> <span class='ocrx_word' id='word_1_105' title='bbox 1192 794 1334 848; x_wconf 75' lang='grc' dir='ltr'><strong><em>πέντε)</em></strong></span> <span class='ocrx_word' id='word_1_106' title='bbox 1355 793 1555 834; x_wconf 84' lang='lat' dir='ltr'>Numerus</span> 
     </span>
     <span class='ocr_line' id='line_1_12' title="bbox 285 845 1562 908; baseline -0.003 -17"><span class='ocrx_word' id='word_1_107' title='bbox 285 863 370 891; x_wconf 86' lang='lat' dir='ltr'>non</span> <span class='ocrx_word' id='word_1_108' title='bbox 388 852 576 906; x_wconf 80' lang='lat' dir='ltr'>quadrat,</span> <span class='ocrx_word' id='word_1_109' title='bbox 595 853 637 892; x_wconf 90' lang='lat'>&amp;</span> <span class='ocrx_word' id='word_1_110' title='bbox 663 848 890 890; x_wconf 82' lang='lat' dir='ltr'>immensum</span> <span class='ocrx_word' id='word_1_111' title='bbox 906 858 1101 908; x_wconf 68' lang='lat' dir='ltr'>guantum</span> <span class='ocrx_word' id='word_1_112' title='bbox 1124 845 1263 888; x_wconf 84' lang='lat' dir='ltr'>deficit.</span> <span class='ocrx_word' id='word_1_113' title='bbox 1290 857 1359 888; x_wconf 84' lang='lat' dir='ltr'>aut</span> <span class='ocrx_word' id='word_1_114' title='bbox 1381 847 1468 887; x_wconf 90' lang='lat' dir='ltr'>ideo</span> <span class='ocrx_word' id='word_1_115' title='bbox 1498 846 1562 887; x_wconf 88' lang='lat' dir='ltr'>le·-</span> 
     </span>
     <span class='ocr_line' id='line_1_13' title="bbox 289 898 1558 960; baseline -0.004 -14"><span class='ocrx_word' id='word_1_116' title='bbox 289 905 458 958; x_wconf 84' lang='lat' dir='ltr'>gendum</span> <span class='ocrx_word' id='word_1_117' title='bbox 474 906 552 953; x_wconf 88' lang='lat' dir='ltr'>est,</span> <span class='ocrx_word' id='word_1_118' title='bbox 569 906 606 946; x_wconf 78' lang='grc' dir='ltr'>ἑς</span> <span class='ocrx_word' id='word_1_119' title='bbox 622 906 704 960; x_wconf 63' lang='grc' dir='ltr'>γὰρ</span> <span class='ocrx_word' id='word_1_120' title='bbox 721 903 836 944; x_wconf 74' lang='grc' dir='ltr'><strong><em>πέντε</em></strong></span> <span class='ocrx_word' id='word_1_121' title='bbox 857 916 947 944; x_wconf 80' lang='grc' dir='ltr'><strong><em>ναυς</em></strong></span> <span class='ocrx_word' id='word_1_122' title='bbox 965 900 1041 942; x_wconf 69' lang='grc' dir='ltr'>τῶν</span> <span class='ocrx_word' id='word_1_123' title='bbox 1065 898 1304 942; x_wconf 69' lang='grc' dir='ltr'><strong><em>πεντήκοντα</em></strong></span> <span class='ocrx_word' id='word_1_124' title='bbox 1323 902 1399 942; x_wconf 89' lang='lat' dir='ltr'>&amp;c.</span> <span class='ocrx_word' id='word_1_125' title='bbox 1412 900 1478 941; x_wconf 89' lang='lat' dir='ltr'>vel</span> <span class='ocrx_word' id='word_1_126' title='bbox 1494 901 1558 941; x_wconf 90' lang='lat' dir='ltr'>de-</span> 
     </span>
    </p>
   </div>
   <div class='ocr_carea' id='block_1_3' title="bbox 286 954 1558 1009">
    <p class='ocr_par' dir='ltr' id='par_1_3' title="bbox 286 954 1558 1009">
     <span class='ocr_line' id='line_1_14' title="bbox 286 954 1558 1009; baseline -0.005 -10"><span class='ocrx_word' id='word_1_127' title='bbox 286 959 447 1000; x_wconf 86' lang='lat' dir='ltr'>lendum</span> <span class='ocrx_word' id='word_1_128' title='bbox 469 962 512 998; x_wconf 69' lang='grc' dir='ltr'><strong>τὸ</strong></span> <span class='ocrx_word' id='word_1_129' title='bbox 536 958 782 1001; x_wconf 49' lang='lat' dir='ltr'>morvanum.</span> <span class='ocrx_word' id='word_1_130' title='bbox 811 957 878 998; x_wconf 89' lang='lat' dir='ltr'>vel</span> <span class='ocrx_word' id='word_1_131' title='bbox 901 955 931 996; x_wconf 87' lang='lat' dir='ltr'>fi</span> <span class='ocrx_word' id='word_1_132' title='bbox 954 955 1032 996; x_wconf 88' lang='lat' dir='ltr'>hoc</span> <span class='ocrx_word' id='word_1_133' title='bbox 1060 968 1142 996; x_wconf 90' lang='lat' dir='ltr'>non</span> <span class='ocrx_word' id='word_1_134' title='bbox 1176 956 1343 1009; x_wconf 83' lang='lat' dir='ltr'>placeat,</span> <span class='ocrx_word' id='word_1_135' title='bbox 1401 967 1448 995; x_wconf 81' lang='lat' dir='ltr'>ro</span> <span class='ocrx_word' id='word_1_136' title='bbox 1469 954 1558 1008; x_wconf 73' lang='grc' dir='ltr'><strong><em>τρία.</em></strong></span> 
     </span>
    </p>
   </div>
   <div class='ocr_carea' id='block_1_4' title="bbox 208 1007 1559 1066">
    <p class='ocr_par' dir='ltr' id='par_1_4' title="bbox 208 1007 1559 1066">
     <span class='ocr_line' id='line_1_15' title="bbox 208 1007 1559 1066; baseline -0.004 -13"><span class='ocrx_word' id='word_1_137' title='bbox 208 1059 214 1065; x_wconf 50' lang='grc'>,</span> <span class='ocrx_word' id='word_1_138' title='bbox 285 1014 471 1054; x_wconf 74' lang='grc' dir='ltr'><strong><em>τάλαντα</em></strong></span> <span class='ocrx_word' id='word_1_139' title='bbox 491 1013 696 1066; x_wconf 83' lang='lat' dir='ltr'>legendum</span> <span class='ocrx_word' id='word_1_140' title='bbox 713 1011 929 1066; x_wconf 66' lang='grc' dir='ltr'><strong><em>τριάκοντα.</em></strong></span> <span class='ocrx_word' id='word_1_141' title='bbox 957 1009 1061 1051; x_wconf 90' lang='lat' dir='ltr'>Cum</span> <span class='ocrx_word' id='word_1_142' title='bbox 1081 1009 1156 1050; x_wconf 91' lang='lat' dir='ltr'>hoc</span> <span class='ocrx_word' id='word_1_143' title='bbox 1177 1010 1268 1050; x_wconf 91' lang='lat' dir='ltr'>loco</span> <span class='ocrx_word' id='word_1_144' title='bbox 1282 1021 1357 1050; x_wconf 91' lang='lat' dir='ltr'>con</span> <span class='ocrx_word' id='word_1_145' title='bbox 1375 1021 1416 1048; x_wconf 85' lang='lat' dir='ltr'>er</span> <span class='ocrx_word' id='word_1_146' title='bbox 1438 1007 1559 1048; x_wconf 84' lang='lat' dir='ltr'>alium</span> 
     </span>
    </p>
   </div>
   <div class='ocr_carea' id='block_1_5' title="bbox 286 1062 1573 2581">
    <p class='ocr_par' dir='ltr' id='par_1_5' title="bbox 286 1062 1561 1228">
     <span class='ocr_line' id='line_1_16' title="bbox 287 1062 1561 1122; baseline -0.005 -14"><span class='ocrx_word' id='word_1_147' title='bbox 287 1067 587 1122; x_wconf 83' lang='lat' dir='ltr'>Xenophontis,</span> <span class='ocrx_word' id='word_1_148' title='bbox 606 1081 642 1122; x_wconf 92' lang='lat' dir='ltr'>p.</span> <span class='ocrx_word' id='word_1_149' title='bbox 669 1066 745 1120; x_wconf 82' lang='lat'>258</span> <span class='ocrx_word' id='word_1_150' title='bbox 770 1065 828 1105; x_wconf 92' lang='lat' dir='ltr'>ed.</span> <span class='ocrx_word' id='word_1_151' title='bbox 849 1063 977 1118; x_wconf 89' lang='lat' dir='ltr'>Steph.</span> <span class='ocrx_word' id='word_1_152' title='bbox 1001 1078 1039 1118; x_wconf 90' lang='lat' dir='ltr'>p.</span> <span class='ocrx_word' id='word_1_153' title='bbox 1061 1077 1135 1112; x_wconf 87' lang='lat'>441</span> <span class='ocrx_word' id='word_1_154' title='bbox 1163 1063 1222 1103; x_wconf 92' lang='lat' dir='ltr'>ed.</span> <span class='ocrx_word' id='word_1_155' title='bbox 1240 1062 1394 1103; x_wconf 73' lang='lat' dir='ltr'>[euncl.</span> <span class='ocrx_word' id='word_1_156' title='bbox 1413 1062 1561 1103; x_wconf 79' lang='lat' dir='ltr'>Palme-</span> 
     </span>
     <span class='ocr_line' id='line_1_17' title="bbox 288 1115 1561 1171; baseline -0.005 -10"><span class='ocrx_word' id='word_1_157' title='bbox 288 1122 383 1161; x_wconf 85' lang='lat' dir='ltr'>rius.</span> <span class='ocrx_word' id='word_1_158' title='bbox 399 1123 537 1162; x_wconf 85' lang='lat' dir='ltr'><strong>HuDs.</strong></span> <span class='ocrx_word' id='word_1_159' title='bbox 592 1123 617 1161; x_wconf 91' lang='lat' dir='ltr'><strong>l.</strong></span> <span class='ocrx_word' id='word_1_160' title='bbox 644 1135 701 1160; x_wconf 84' lang='lat'>11.</span> <span class='ocrx_word' id='word_1_161' title='bbox 720 1119 799 1160; x_wconf 84' lang='grc' dir='ltr'><strong><em>τοῖς</em></strong></span> <span class='ocrx_word' id='word_1_162' title='bbox 814 1119 849 1160; x_wconf 78' lang='grc' dir='ltr'>ἐν</span> <span class='ocrx_word' id='word_1_163' title='bbox 865 1117 914 1170; x_wconf 63' lang='grc' dir='ltr'>τῇ</span> <span class='ocrx_word' id='word_1_164' title='bbox 933 1118 1053 1170; x_wconf 68' lang='grc' dir='ltr'>Σάμῳ</span> <span class='ocrx_word' id='word_1_165' title='bbox 1076 1116 1288 1171; x_wconf 78' lang='grc' dir='ltr'><strong><em>Ἀθηναίοις)</em></strong></span> <span class='ocrx_word' id='word_1_166' title='bbox 1308 1115 1338 1157; x_wconf 84' lang='grc' dir='ltr'>οἱ</span> <span class='ocrx_word' id='word_1_167' title='bbox 1356 1117 1390 1158; x_wconf 81' lang='grc' dir='ltr'>ἐν</span> <span class='ocrx_word' id='word_1_168' title='bbox 1410 1115 1458 1168; x_wconf 72' lang='grc' dir='ltr'>τξῖ</span> <span class='ocrx_word' id='word_1_169' title='bbox 1479 1117 1561 1159; x_wconf 73' lang='grc' dir='ltr'>Σοὶ-</span> 
     </span>
     <span class='ocr_line' id='line_1_18' title="bbox 286 1174 1551 1228; baseline -0.002 -14"><span class='ocrx_word' id='word_1_170' title='bbox 286 1190 349 1228; x_wconf 84' lang='grc' dir='ltr'>μῳ</span> <span class='ocrx_word' id='word_1_171' title='bbox 372 1174 547 1217; x_wconf 81' lang='grc' dir='ltr'><strong><em>Ἀθηναῖοι</em></strong></span> <span class='ocrx_word' id='word_1_172' title='bbox 571 1175 633 1216; x_wconf 90' lang='lat' dir='ltr'><strong>Cl.</strong></span> <span class='ocrx_word' id='word_1_173' title='bbox 652 1175 781 1214; x_wconf 75' lang='lat' dir='ltr'><strong>IDEM.</strong></span> <span class='ocrx_word' id='word_1_174' title='bbox 1548 1185 1551 1188; x_wconf 90' lang='grc'><em>·</em></span> 
     </span>
    </p>

    <p class='ocr_par' dir='ltr' id='par_1_6' title="bbox 292 1222 1561 1339">
     <span class='ocr_line' id='line_1_19' title="bbox 344 1222 1561 1284; baseline -0.002 -17"><span class='ocrx_word' id='word_1_175' title='bbox 344 1230 438 1284; x_wconf 79' lang='lat' dir='ltr'><strong>Pag.</strong></span> <span class='ocrx_word' id='word_1_176' title='bbox 465 1244 529 1280; x_wconf 91' lang='lat'>47.</span> <span class='ocrx_word' id='word_1_177' title='bbox 553 1230 577 1269; x_wconf 92' lang='lat' dir='ltr'><strong>l.</strong></span> <span class='ocrx_word' id='word_1_178' title='bbox 603 1244 642 1278; x_wconf 84' lang='lat'><strong>4.</strong></span> <span class='ocrx_word' id='word_1_179' title='bbox 657 1225 780 1283; x_wconf 72' lang='grc' dir='ltr'><strong><em>οὕτω)</em></strong></span> <span class='ocrx_word' id='word_1_180' title='bbox 801 1222 915 1265; x_wconf 73' lang='grc' dir='ltr'><strong><em>οὕτως</em></strong></span> <span class='ocrx_word' id='word_1_181' title='bbox 935 1224 995 1266; x_wconf 91' lang='lat' dir='ltr'><strong>Cl.</strong></span> <span class='ocrx_word' id='word_1_182' title='bbox 1011 1225 1151 1265; x_wconf 85' lang='lat' dir='ltr'><strong>HUDS.</strong></span> <span class='ocrx_word' id='word_1_183' title='bbox 1174 1223 1274 1277; x_wconf 85' lang='lat' dir='ltr'><strong>Reg.</strong></span> <span class='ocrx_word' id='word_1_184' title='bbox 1293 1223 1393 1265; x_wconf 82' lang='lat' dir='ltr'><strong>Caff.</strong></span> <span class='ocrx_word' id='word_1_185' title='bbox 1445 1224 1470 1265; x_wconf 83' lang='lat' dir='ltr'><strong>I.</strong></span> <span class='ocrx_word' id='word_1_186' title='bbox 1500 1236 1561 1264; x_wconf 83' lang='lat'>12.</span> 
     </span>
     <span class='ocr_line' id='line_1_20' title="bbox 292 1278 1260 1339; baseline -0.007 -16"><span class='ocrx_word' id='word_1_187' title='bbox 292 1282 458 1339; x_wconf 61' lang='grc' dir='ltr'>ἔπειὲὶι)</span> <span class='ocrx_word' id='word_1_188' title='bbox 479 1283 564 1323; x_wconf 72' lang='grc' dir='ltr'>ἐπεὶ</span> <span class='ocrx_word' id='word_1_189' title='bbox 587 1283 634 1324; x_wconf 54' lang='lat' dir='ltr'>S&amp;</span> <span class='ocrx_word' id='word_1_190' title='bbox 656 1282 729 1324; x_wconf 89' lang='lat' dir='ltr'><strong>Gr.</strong></span> <span class='ocrx_word' id='word_1_191' title='bbox 784 1283 858 1320; x_wconf 86' lang='lat' dir='ltr'>ead.</span> <span class='ocrx_word' id='word_1_192' title='bbox 880 1279 953 1319; x_wconf 77' lang='grc' dir='ltr'>τάς</span> <span class='ocrx_word' id='word_1_193' title='bbox 975 1279 1048 1333; x_wconf 83' lang='grc' dir='ltr'>τε)</span> <span class='ocrx_word' id='word_1_194' title='bbox 1073 1279 1164 1318; x_wconf 81' lang='grc' dir='ltr'><strong><em>τότε</em></strong></span> <span class='ocrx_word' id='word_1_195' title='bbox 1189 1278 1260 1319; x_wconf 86' lang='lat' dir='ltr'><strong>Gr.</strong></span> 
     </span>
    </p>

    <p class='ocr_par' dir='ltr' id='par_1_7' title="bbox 290 1331 1569 2094">
     <span class='ocr_line' id='line_1_21' title="bbox 349 1331 1560 1390; baseline -0.003 -15"><span class='ocrx_word' id='word_1_196' title='bbox 349 1338 441 1390; x_wconf 79' lang='lat' dir='ltr'><strong>Pag.</strong></span> <span class='ocrx_word' id='word_1_197' title='bbox 472 1337 538 1388; x_wconf 82' lang='lat'><strong>48.</strong></span> <span class='ocrx_word' id='word_1_198' title='bbox 567 1338 592 1377; x_wconf 91' lang='lat' dir='ltr'><strong>l.</strong></span> <span class='ocrx_word' id='word_1_199' title='bbox 620 1350 652 1376; x_wconf 87' lang='lat'><strong>1.</strong></span> <span class='ocrx_word' id='word_1_200' title='bbox 686 1333 867 1388; x_wconf 76' lang='grc' dir='ltr'><strong><em>Πτελεῷ)</em></strong></span> <span class='ocrx_word' id='word_1_201' title='bbox 892 1333 1045 1383; x_wconf 84' lang='grc' dir='ltr'><strong><em>Πτελέῳ</em></strong></span> <span class='ocrx_word' id='word_1_202' title='bbox 1072 1332 1172 1373; x_wconf 83' lang='lat' dir='ltr'><strong>Caff.</strong></span> <span class='ocrx_word' id='word_1_203' title='bbox 1244 1333 1267 1371; x_wconf 87' lang='lat' dir='ltr'>l.</span> <span class='ocrx_word' id='word_1_204' title='bbox 1303 1347 1339 1372; x_wconf 93' lang='lat'><strong>2.</strong></span> <span class='ocrx_word' id='word_1_205' title='bbox 1365 1331 1560 1385; x_wconf 77' lang='grc' dir='ltr'><strong><em>ἐκέλευεν)</em></strong></span> 
     </span>
     <span class='ocr_line' id='line_1_22' title="bbox 291 1386 1563 1441; baseline -0.007 -10"><span class='ocrx_word' id='word_1_206' title='bbox 291 1390 486 1433; x_wconf 75' lang='grc' dir='ltr'><strong><em>ἐκέλευσεν</em></strong></span> <span class='ocrx_word' id='word_1_207' title='bbox 508 1390 608 1432; x_wconf 82' lang='lat' dir='ltr'><strong>Caff.</strong></span> <span class='ocrx_word' id='word_1_208' title='bbox 626 1391 732 1431; x_wconf 83' lang='lat' dir='ltr'><strong>Dan.</strong></span> <span class='ocrx_word' id='word_1_209' title='bbox 788 1391 812 1429; x_wconf 92' lang='lat' dir='ltr'><strong>I.</strong></span> <span class='ocrx_word' id='word_1_210' title='bbox 835 1388 870 1428; x_wconf 91' lang='lat'>8.</span> <span class='ocrx_word' id='word_1_211' title='bbox 892 1386 1088 1441; x_wconf 76' lang='grc' dir='ltr'><strong><em>Φώκαιαν)</em></strong></span> <span class='ocrx_word' id='word_1_212' title='bbox 1112 1387 1262 1426; x_wconf 77' lang='grc' dir='ltr'><strong><em>Φώκεαν</em></strong></span> <span class='ocrx_word' id='word_1_213' title='bbox 1282 1386 1380 1439; x_wconf 86' lang='lat' dir='ltr'><strong>Reg.</strong></span> <span class='ocrx_word' id='word_1_214' title='bbox 1404 1387 1444 1426; x_wconf 88' lang='lat'>&amp;</span> <span class='ocrx_word' id='word_1_215' title='bbox 1467 1398 1563 1440; x_wconf 82' lang='lat' dir='ltr'>pau-</span> 
     </span>
     <span class='ocr_line' id='line_1_23' title="bbox 290 1439 1562 1500; baseline -0.006 -15"><span class='ocrx_word' id='word_1_216' title='bbox 290 1445 335 1485; x_wconf 90' lang='lat' dir='ltr'>lo</span> <span class='ocrx_word' id='word_1_217' title='bbox 357 1446 454 1500; x_wconf 90' lang='lat' dir='ltr'><strong>post.</strong></span> <span class='ocrx_word' id='word_1_218' title='bbox 529 1447 553 1486; x_wconf 91' lang='lat' dir='ltr'>l.</span> <span class='ocrx_word' id='word_1_219' title='bbox 576 1460 614 1499; x_wconf 93' lang='lat'>9.</span> <span class='ocrx_word' id='word_1_220' title='bbox 632 1440 908 1499; x_wconf 72' lang='grc' dir='ltr'><strong><em>Μαραθουο-αν)</em></strong></span> <span class='ocrx_word' id='word_1_221' title='bbox 934 1440 1144 1495; x_wconf 89' lang='lat' dir='ltr'>Reperitur</span> <span class='ocrx_word' id='word_1_222' title='bbox 1169 1452 1260 1480; x_wconf 89' lang='lat' dir='ltr'>cum</span> <span class='ocrx_word' id='word_1_223' title='bbox 1278 1440 1418 1494; x_wconf 77' lang='lat' dir='ltr'>duplici</span> <span class='ocrx_word' id='word_1_224' title='bbox 1443 1439 1562 1493; x_wconf 82' lang='lat' dir='ltr'>figma</span> 
     </span>
     <span class='ocr_line' id='line_1_24' title="bbox 292 1493 1562 1554; baseline -0.005 -15"><span class='ocrx_word' id='word_1_225' title='bbox 292 1501 395 1553; x_wconf 76' lang='lat' dir='ltr'>apud</span> <span class='ocrx_word' id='word_1_226' title='bbox 418 1499 655 1554; x_wconf 86' lang='lat' dir='ltr'>Stephanum</span> <span class='ocrx_word' id='word_1_227' title='bbox 677 1499 843 1551; x_wconf 84' lang='lat' dir='ltr'>Byzant.</span> <span class='ocrx_word' id='word_1_228' title='bbox 877 1495 1017 1535; x_wconf 81' lang='lat' dir='ltr'>Huns.</span> <span class='ocrx_word' id='word_1_229' title='bbox 1049 1494 1319 1547; x_wconf 68' lang='grc' dir='ltr'><strong><em>Μαράθουσσαν</em></strong></span> <span class='ocrx_word' id='word_1_230' title='bbox 1348 1493 1448 1535; x_wconf 83' lang='lat' dir='ltr'><strong>Cass.</strong></span> <span class='ocrx_word' id='word_1_231' title='bbox 1472 1497 1515 1534; x_wconf 70' lang='grc' dir='ltr'>ὅ(</span> <span class='ocrx_word' id='word_1_232' title='bbox 1537 1506 1562 1533; x_wconf 89' lang='lat' dir='ltr'>a</span> 
     </span>
     <span class='ocr_line' id='line_1_25' title="bbox 294 1546 1562 1604; baseline -0.006 -10"><span class='ocrx_word' id='word_1_233' title='bbox 294 1554 517 1594; x_wconf 67' lang='lat' dir='ltr'>correaore</span> <span class='ocrx_word' id='word_1_234' title='bbox 538 1553 610 1594; x_wconf 86' lang='lat' dir='ltr'><strong>Gr.</strong></span> <span class='ocrx_word' id='word_1_235' title='bbox 672 1554 697 1592; x_wconf 92' lang='lat' dir='ltr'>l.</span> <span class='ocrx_word' id='word_1_236' title='bbox 723 1566 781 1592; x_wconf 94' lang='lat'><strong>10.</strong></span> <span class='ocrx_word' id='word_1_237' title='bbox 812 1549 966 1604; x_wconf 66' lang='grc' dir='ltr'><strong><em>Πήλην)</em></strong></span> <span class='ocrx_word' id='word_1_238' title='bbox 994 1547 1119 1589; x_wconf 77' lang='grc' dir='ltr'><strong><em>Πύλην</em></strong></span> <span class='ocrx_word' id='word_1_239' title='bbox 1138 1546 1239 1588; x_wconf 83' lang='lat' dir='ltr'><strong>Caff.</strong></span> <span class='ocrx_word' id='word_1_240' title='bbox 1294 1549 1373 1587; x_wconf 83' lang='lat' dir='ltr'>ead.</span> <span class='ocrx_word' id='word_1_241' title='bbox 1395 1547 1562 1600; x_wconf 77' lang='grc' dir='ltr'><strong><em>Δρίμυσ-</em></strong></span> 
     </span>
     <span class='ocr_line' id='line_1_26' title="bbox 294 1601 1565 1663; baseline -0.006 -15"><span class='ocrx_word' id='word_1_242' title='bbox 294 1608 399 1662; x_wconf 78' lang='grc' dir='ltr'><strong><em>σαν)</em></strong></span> <span class='ocrx_word' id='word_1_243' title='bbox 422 1606 674 1663; x_wconf 76' lang='grc' dir='ltr'><strong><em>Δρυμοῧσσαν</em></strong></span> <span class='ocrx_word' id='word_1_244' title='bbox 696 1605 790 1660; x_wconf 87' lang='lat' dir='ltr'>legit</span> <span class='ocrx_word' id='word_1_245' title='bbox 814 1604 1030 1658; x_wconf 85' lang='lat' dir='ltr'>Stephanus</span> <span class='ocrx_word' id='word_1_246' title='bbox 1056 1601 1141 1655; x_wconf 72' lang='grc' dir='ltr'>περὶ</span> <span class='ocrx_word' id='word_1_247' title='bbox 1171 1602 1343 1649; x_wconf 69' lang='grc' dir='ltr'><strong><em>πόλεων,</em></strong></span> <span class='ocrx_word' id='word_1_248' title='bbox 1361 1601 1565 1654; x_wconf 88' lang='lat' dir='ltr'>Thucydi·</span> 
     </span>
     <span class='ocr_line' id='line_1_27' title="bbox 294 1654 1565 1715; baseline -0.004 -14"><span class='ocrx_word' id='word_1_249' title='bbox 294 1662 382 1702; x_wconf 89' lang='lat' dir='ltr'>dem</span> <span class='ocrx_word' id='word_1_250' title='bbox 404 1663 537 1703; x_wconf 85' lang='lat' dir='ltr'>citans.</span> <span class='ocrx_word' id='word_1_251' title='bbox 558 1662 675 1715; x_wconf 90' lang='lat' dir='ltr'>idque</span> <span class='ocrx_word' id='word_1_252' title='bbox 693 1660 818 1700; x_wconf 90' lang='lat' dir='ltr'>multo</span> <span class='ocrx_word' id='word_1_253' title='bbox 850 1658 1010 1705; x_wconf 88' lang='lat' dir='ltr'>melius,</span> <span class='ocrx_word' id='word_1_254' title='bbox 1028 1668 1118 1696; x_wconf 89' lang='lat' dir='ltr'>cum</span> <span class='ocrx_word' id='word_1_255' title='bbox 1142 1656 1220 1695; x_wconf 66' lang='grc' dir='ltr'>ἀπο</span> <span class='ocrx_word' id='word_1_256' title='bbox 1245 1655 1317 1695; x_wconf 74' lang='grc' dir='ltr'>τῶν</span> <span class='ocrx_word' id='word_1_257' title='bbox 1335 1654 1480 1708; x_wconf 56' lang='grc' dir='ltr'><strong><em>δρυμῶν</em></strong></span> <span class='ocrx_word' id='word_1_258' title='bbox 1507 1655 1565 1696; x_wconf 85' lang='lat' dir='ltr'>di-</span> 
     </span>
     <span class='ocr_line' id='line_1_28' title="bbox 295 1709 1566 1771; baseline -0.006 -15"><span class='ocrx_word' id='word_1_259' title='bbox 295 1727 406 1756; x_wconf 83' lang='lat' dir='ltr'>catur</span> <span class='ocrx_word' id='word_1_260' title='bbox 438 1714 694 1771; x_wconf 78' lang='grc' dir='ltr'><strong><em>Δρυμοῧο-σα,</em></strong></span> <span class='ocrx_word' id='word_1_261' title='bbox 713 1714 778 1755; x_wconf 92' lang='lat' dir='ltr'>vel</span> <span class='ocrx_word' id='word_1_262' title='bbox 808 1710 1024 1766; x_wconf 79' lang='grc' dir='ltr'><strong><em>Δρυμοῦσα.</em></strong></span> <span class='ocrx_word' id='word_1_263' title='bbox 1047 1711 1091 1750; x_wconf 73' lang='grc' dir='ltr'>δι</span> <span class='ocrx_word' id='word_1_264' title='bbox 1117 1709 1169 1750; x_wconf 86' lang='lat' dir='ltr'>fic</span> <span class='ocrx_word' id='word_1_265' title='bbox 1191 1709 1405 1763; x_wconf 80' lang='lat' dir='ltr'>PolybiuS,</span> <span class='ocrx_word' id='word_1_266' title='bbox 1424 1722 1469 1749; x_wconf 86' lang='lat' dir='ltr'>ac</span> <span class='ocrx_word' id='word_1_267' title='bbox 1491 1709 1566 1749; x_wconf 85' lang='lat' dir='ltr'><strong>Pli-</strong></span> 
     </span>
     <span class='ocr_line' id='line_1_29' title="bbox 295 1762 1569 1823; baseline -0.006 -13"><span class='ocrx_word' id='word_1_268' title='bbox 295 1771 397 1810; x_wconf 83' lang='lat' dir='ltr'>nius.</span> <span class='ocrx_word' id='word_1_269' title='bbox 426 1769 654 1823; x_wconf 71' lang='grc' dir='ltr'><strong><em>Δρύμυσσαν</em></strong></span> <span class='ocrx_word' id='word_1_270' title='bbox 682 1768 742 1809; x_wconf 88' lang='lat' dir='ltr'><strong>Cl.</strong></span> <span class='ocrx_word' id='word_1_271' title='bbox 773 1767 842 1808; x_wconf 84' lang='lat' dir='ltr'><strong>Gr.</strong></span> <span class='ocrx_word' id='word_1_272' title='bbox 865 1767 1004 1806; x_wconf 84' lang='lat' dir='ltr'>Huns.</span> <span class='ocrx_word' id='word_1_273' title='bbox 1023 1763 1121 1805; x_wconf 82' lang='lat' dir='ltr'>caff.</span> <span class='ocrx_word' id='word_1_274' title='bbox 1145 1763 1189 1803; x_wconf 89' lang='lat' dir='ltr'>In</span> <span class='ocrx_word' id='word_1_275' title='bbox 1213 1763 1283 1804; x_wconf 89' lang='lat' dir='ltr'><strong>Gr.</strong></span> <span class='ocrx_word' id='word_1_276' title='bbox 1305 1762 1569 1817; x_wconf 70' lang='grc' dir='ltr'><strong><em>Δρὺμυσσαν,</em></strong></span> 
     </span>
     <span class='ocr_line' id='line_1_30' title="bbox 296 1817 1567 1878; baseline -0.008 -13"><span class='ocrx_word' id='word_1_277' title='bbox 296 1838 348 1865; x_wconf 81' lang='lat' dir='ltr'>an</span> <span class='ocrx_word' id='word_1_278' title='bbox 368 1824 587 1878; x_wconf 78' lang='grc' dir='ltr'><strong><em>Δρίμυο-ο-αν</em></strong></span> <span class='ocrx_word' id='word_1_279' title='bbox 613 1823 679 1870; x_wconf 86' lang='lat' dir='ltr'>fit,</span> <span class='ocrx_word' id='word_1_280' title='bbox 702 1836 783 1863; x_wconf 91' lang='lat' dir='ltr'>non</span> <span class='ocrx_word' id='word_1_281' title='bbox 807 1821 894 1860; x_wconf 84' lang='lat' dir='ltr'>satis</span> <span class='ocrx_word' id='word_1_282' title='bbox 916 1819 1073 1860; x_wconf 80' lang='lat' dir='ltr'>discerni</span> <span class='ocrx_word' id='word_1_283' title='bbox 1096 1818 1233 1873; x_wconf 90' lang='lat' dir='ltr'>potest.</span> <span class='ocrx_word' id='word_1_284' title='bbox 1294 1819 1318 1856; x_wconf 93' lang='lat' dir='ltr'><strong>l.</strong></span> <span class='ocrx_word' id='word_1_285' title='bbox 1346 1831 1406 1856; x_wconf 89' lang='lat'><strong>11.</strong></span> <span class='ocrx_word' id='word_1_286' title='bbox 1427 1817 1567 1868; x_wconf 71' lang='grc' dir='ltr'><strong><em>Κλαζο·</em></strong></span> 
     </span>
     <span class='ocr_line' id='line_1_31' title="bbox 292 1870 1566 1932; baseline -0.007 -13"><span class='ocrx_word' id='word_1_287' title='bbox 292 1878 444 1932; x_wconf 85' lang='grc' dir='ltr'><strong><em>μενίων)</em></strong></span> <span class='ocrx_word' id='word_1_288' title='bbox 465 1878 522 1918; x_wconf 90' lang='lat' dir='ltr'>Ita</span> <span class='ocrx_word' id='word_1_289' title='bbox 533 1878 780 1918; x_wconf 81' lang='lat' dir='ltr'>emendatum</span> <span class='ocrx_word' id='word_1_290' title='bbox 798 1875 933 1916; x_wconf 86' lang='lat' dir='ltr'>eratin</span> <span class='ocrx_word' id='word_1_291' title='bbox 948 1874 1020 1915; x_wconf 89' lang='lat' dir='ltr'><strong>Gr.</strong></span> <span class='ocrx_word' id='word_1_292' title='bbox 1041 1872 1166 1913; x_wconf 86' lang='lat' dir='ltr'>fuerat</span> <span class='ocrx_word' id='word_1_293' title='bbox 1188 1870 1436 1922; x_wconf 72' lang='grc' dir='ltr'><strong><em>Κλαζομενῶν.</em></strong></span> <span class='ocrx_word' id='word_1_294' title='bbox 1490 1871 1566 1910; x_wconf 85' lang='lat' dir='ltr'>ead.</span> 
     </span>
     <span class='ocr_line' id='line_1_32' title="bbox 297 1923 1567 1986; baseline -0.008 -13"><span class='ocrx_word' id='word_1_295' title='bbox 297 1931 557 1986; x_wconf 76' lang='grc' dir='ltr'><strong><em>ἐμμείναντες)</em></strong></span> <span class='ocrx_word' id='word_1_296' title='bbox 582 1932 646 1972; x_wconf 90' lang='lat' dir='ltr'>Ad</span> <span class='ocrx_word' id='word_1_297' title='bbox 675 1933 718 1970; x_wconf 66' lang='grc' dir='ltr'>τό</span> <span class='ocrx_word' id='word_1_298' title='bbox 745 1928 1009 1981; x_wconf 67' lang='grc' dir='ltr'><strong><em>σημαινόμενον</em></strong></span> <span class='ocrx_word' id='word_1_299' title='bbox 1036 1926 1229 1973; x_wconf 83' lang='lat' dir='ltr'>refertur,</span> <span class='ocrx_word' id='word_1_300' title='bbox 1247 1937 1290 1966; x_wconf 91' lang='lat' dir='ltr'>ut</span> <span class='ocrx_word' id='word_1_301' title='bbox 1315 1925 1355 1965; x_wconf 89' lang='lat'>&amp;</span> <span class='ocrx_word' id='word_1_302' title='bbox 1379 1923 1567 1971; x_wconf 78' lang='grc' dir='ltr'><strong><em>ἐσβαλλό-</em></strong></span> 
     </span>
     <span class='ocr_line' id='line_1_33' title="bbox 296 1977 1562 2040; baseline -0.007 -13"><span class='ocrx_word' id='word_1_303' title='bbox 296 2001 412 2040; x_wconf 85' lang='grc' dir='ltr'><strong><em>μενοι.</em></strong></span> <span class='ocrx_word' id='word_1_304' title='bbox 441 1987 580 2026; x_wconf 76' lang='lat' dir='ltr'>Huns.</span> <span class='ocrx_word' id='word_1_305' title='bbox 648 1985 756 2039; x_wconf 82' lang='lat' dir='ltr'><strong>l..13.</strong></span> <span class='ocrx_word' id='word_1_306' title='bbox 779 1980 1078 2036; x_wconf 74' lang='grc' dir='ltr'><strong><em>,ἑο-βαλλόμενοι)</em></strong></span> <span class='ocrx_word' id='word_1_307' title='bbox 1104 1979 1344 2032; x_wconf 69' lang='grc' dir='ltr'><strong><em>ἐσβαλόμενοι</em></strong></span> <span class='ocrx_word' id='word_1_308' title='bbox 1364 1977 1468 2019; x_wconf 84' lang='lat' dir='ltr'><strong>Caff.</strong></span> <span class='ocrx_word' id='word_1_309' title='bbox 1489 1977 1562 2019; x_wconf 84' lang='lat' dir='ltr'><strong>Gr.</strong></span> 
     </span>
     <span class='ocr_line' id='line_1_34' title="bbox 299 2035 1064 2094; baseline -0.004 -14"><span class='ocrx_word' id='word_1_310' title='bbox 299 2041 324 2082; x_wconf 92' lang='lat' dir='ltr'><strong>l.</strong></span> <span class='ocrx_word' id='word_1_311' title='bbox 353 2055 411 2090; x_wconf 87' lang='lat'><strong>14.</strong></span> <span class='ocrx_word' id='word_1_312' title='bbox 441 2035 520 2094; x_wconf 76' lang='grc' dir='ltr'>ὦς)</span> <span class='ocrx_word' id='word_1_313' title='bbox 543 2038 609 2079; x_wconf 74' lang='grc' dir='ltr'>καὶ</span> <span class='ocrx_word' id='word_1_314' title='bbox 632 2039 701 2079; x_wconf 91' lang='lat' dir='ltr'><strong>Ar.</strong></span> <span class='ocrx_word' id='word_1_315' title='bbox 724 2037 772 2078; x_wconf 89' lang='lat' dir='ltr'><strong>C.</strong></span> <span class='ocrx_word' id='word_1_316' title='bbox 800 2039 938 2078; x_wconf 83' lang='lat' dir='ltr'><strong>HUDS.</strong></span> <span class='ocrx_word' id='word_1_317' title='bbox 962 2036 1064 2077; x_wconf 85' lang='lat' dir='ltr'><strong>Dan.</strong></span> 
     </span>
    </p>

    <p class='ocr_par' dir='ltr' id='par_1_8' title="bbox 300 2085 1573 2581">
     <span class='ocr_line' id='line_1_35' title="bbox 356 2085 1565 2148; baseline -0.006 -15"><span class='ocrx_word' id='word_1_318' title='bbox 356 2096 452 2148; x_wconf 64' lang='lat' dir='ltr'><strong>Pag.</strong></span> <span class='ocrx_word' id='word_1_319' title='bbox 474 2108 538 2147; x_wconf 85' lang='lat'><strong>49.</strong></span> <span class='ocrx_word' id='word_1_320' title='bbox 561 2095 585 2133; x_wconf 91' lang='lat' dir='ltr'>l.</span> <span class='ocrx_word' id='word_1_321' title='bbox 611 2107 644 2147; x_wconf 84' lang='lat'><strong>3.</strong></span> <span class='ocrx_word' id='word_1_322' title='bbox 669 2092 734 2131; x_wconf 75' lang='grc' dir='ltr'>καὶ</span> <span class='ocrx_word' id='word_1_323' title='bbox 757 2091 787 2132; x_wconf 78' lang='grc' dir='ltr'>οἱ</span> <span class='ocrx_word' id='word_1_324' title='bbox 809 2090 920 2131; x_wconf 70' lang='grc' dir='ltr'><strong><em>ἄλλοι</em></strong></span> <span class='ocrx_word' id='word_1_325' title='bbox 947 2087 1182 2143; x_wconf 79' lang='grc' dir='ltr'><strong><em>ξύμμαχοι)</em></strong></span> <span class='ocrx_word' id='word_1_326' title='bbox 1212 2087 1279 2126; x_wconf 77' lang='grc' dir='ltr'>καὶ</span> <span class='ocrx_word' id='word_1_327' title='bbox 1304 2086 1333 2127; x_wconf 79' lang='grc' dir='ltr'>οἱ</span> <span class='ocrx_word' id='word_1_328' title='bbox 1359 2085 1565 2140; x_wconf 79' lang='grc' dir='ltr'>ξύμμαχοι</span> 
     </span>
     <span class='ocr_line' id='line_1_36' title="bbox 300 2138 1567 2197; baseline -0.006 -8"><span class='ocrx_word' id='word_1_329' title='bbox 300 2147 336 2189; x_wconf 80' lang='grc' dir='ltr'>οἱ</span> <span class='ocrx_word' id='word_1_330' title='bbox 367 2149 477 2188; x_wconf 72' lang='grc' dir='ltr'><strong><em>ἄλλοι</em></strong></span> <span class='ocrx_word' id='word_1_331' title='bbox 502 2146 562 2189; x_wconf 91' lang='lat' dir='ltr'><strong>Cl.</strong></span> <span class='ocrx_word' id='word_1_332' title='bbox 590 2147 730 2186; x_wconf 84' lang='lat' dir='ltr'><strong>HUDS.</strong></span> <span class='ocrx_word' id='word_1_333' title='bbox 809 2147 832 2185; x_wconf 92' lang='lat' dir='ltr'><strong>I.</strong></span> <span class='ocrx_word' id='word_1_334' title='bbox 864 2146 902 2186; x_wconf 91' lang='lat'>6.</span> <span class='ocrx_word' id='word_1_335' title='bbox 928 2143 1083 2197; x_wconf 68' lang='grc' dir='ltr'><strong><em>ἄλλαι)</em></strong></span> <span class='ocrx_word' id='word_1_336' title='bbox 1113 2141 1152 2182; x_wconf 75' lang='grc' dir='ltr'>αἱ</span> <span class='ocrx_word' id='word_1_337' title='bbox 1181 2138 1302 2181; x_wconf 66' lang='grc' dir='ltr'><strong><em>ἄλλαι</em></strong></span> <span class='ocrx_word' id='word_1_338' title='bbox 1328 2140 1398 2182; x_wconf 87' lang='lat' dir='ltr'><strong>Gr.</strong></span> <span class='ocrx_word' id='word_1_339' title='bbox 1424 2141 1567 2181; x_wconf 83' lang='lat' dir='ltr'><strong>HUDS.</strong></span> 
     </span>
     <span class='ocr_line' id='line_1_37' title="bbox 303 2193 1567 2249; baseline -0.007 -6"><span class='ocrx_word' id='word_1_340' title='bbox 303 2205 379 2243; x_wconf 82' lang='lat' dir='ltr'>ead.</span> <span class='ocrx_word' id='word_1_341' title='bbox 399 2204 465 2242; x_wconf 60' lang='grc' dir='ltr'>τὴν</span> <span class='ocrx_word' id='word_1_342' title='bbox 487 2201 588 2243; x_wconf 88' lang='lat' dir='ltr'>deest</span> <span class='ocrx_word' id='word_1_343' title='bbox 609 2200 656 2241; x_wconf 90' lang='lat' dir='ltr'>C.</span> <span class='ocrx_word' id='word_1_344' title='bbox 675 2201 802 2240; x_wconf 79' lang='lat' dir='ltr'><strong>IDEM.</strong></span> <span class='ocrx_word' id='word_1_345' title='bbox 858 2202 931 2239; x_wconf 74' lang='lat' dir='ltr'>ead.</span> <span class='ocrx_word' id='word_1_346' title='bbox 950 2200 1057 2249; x_wconf 66' lang='grc' dir='ltr'><strong><em>μετὰ.</em></strong></span> <span class='ocrx_word' id='word_1_347' title='bbox 1078 2193 1188 2236; x_wconf 74' lang='grc' dir='ltr'><strong><em>τοῦτο</em></strong></span> <span class='ocrx_word' id='word_1_348' title='bbox 1229 2193 1446 2246; x_wconf 75' lang='grc' dir='ltr'><strong><em>μετα-τοῦτο</em></strong></span> <span class='ocrx_word' id='word_1_349' title='bbox 1466 2194 1567 2247; x_wconf 87' lang='lat' dir='ltr'><strong>Reg.</strong></span> 
     </span>
     <span class='ocr_line' id='line_1_38' title="bbox 303 2246 1568 2311; baseline -0.008 -13"><span class='ocrx_word' id='word_1_350' title='bbox 303 2257 366 2298; x_wconf 85' lang='lat' dir='ltr'>Sic</span> <span class='ocrx_word' id='word_1_351' title='bbox 386 2270 469 2311; x_wconf 88' lang='lat' dir='ltr'><strong>cap.</strong></span> <span class='ocrx_word' id='word_1_352' title='bbox 494 2271 539 2311; x_wconf 79' lang='lat'>35</span> <span class='ocrx_word' id='word_1_353' title='bbox 568 2253 668 2296; x_wconf 72' lang='lat' dir='ltr'><strong>(jaff.</strong></span> <span class='ocrx_word' id='word_1_354' title='bbox 739 2256 762 2294; x_wconf 90' lang='grc' dir='ltr'>Ι.</span> <span class='ocrx_word' id='word_1_355' title='bbox 780 2269 818 2304; x_wconf 90' lang='lat'>7.</span> <span class='ocrx_word' id='word_1_356' title='bbox 833 2250 1098 2305; x_wconf 60' lang='grc' dir='ltr'><strong><em>Παιὲαριτος)</em></strong></span> <span class='ocrx_word' id='word_1_357' title='bbox 1119 2254 1174 2288; x_wconf 83' lang='grc' dir='ltr'>Πε</span> <span class='ocrx_word' id='word_1_358' title='bbox 1205 2247 1232 2288; x_wconf 73' lang='grc' dir='ltr'>ἐι</span> <span class='ocrx_word' id='word_1_359' title='bbox 1253 2263 1327 2289; x_wconf 83' lang='grc' dir='ltr'><strong><em>ιτος</em></strong></span> <span class='ocrx_word' id='word_1_360' title='bbox 1347 2246 1476 2302; x_wconf 84' lang='lat' dir='ltr'>paffim</span> <span class='ocrx_word' id='word_1_361' title='bbox 1495 2247 1568 2288; x_wconf 91' lang='lat' dir='ltr'><strong>Ar.</strong></span> 
     </span>
     <span class='ocr_line' id='line_1_39' title="bbox 303 2301 1566 2364; baseline -0.007 -13"><span class='ocrx_word' id='word_1_362' title='bbox 303 2311 354 2351; x_wconf 88' lang='lat' dir='ltr'>C.</span> <span class='ocrx_word' id='word_1_363' title='bbox 375 2310 427 2350; x_wconf 84' lang='lat' dir='ltr'>ita</span> <span class='ocrx_word' id='word_1_364' title='bbox 459 2323 545 2364; x_wconf 86' lang='lat' dir='ltr'><strong>pag.</strong></span> <span class='ocrx_word' id='word_1_365' title='bbox 574 2322 652 2360; x_wconf 86' lang='lat'>45,</span> <span class='ocrx_word' id='word_1_366' title='bbox 681 2309 724 2350; x_wconf 90' lang='lat'>&amp;</span> <span class='ocrx_word' id='word_1_367' title='bbox 746 2322 767 2348; x_wconf 85' lang='lat' dir='ltr'>a</span> <span class='ocrx_word' id='word_1_368' title='bbox 796 2308 847 2348; x_wconf 89' lang='lat' dir='ltr'>ud</span> <span class='ocrx_word' id='word_1_369' title='bbox 872 2308 1104 2361; x_wconf 84' lang='lat' dir='ltr'>Harpocrat.</span> <span class='ocrx_word' id='word_1_370' title='bbox 1139 2307 1217 2342; x_wconf 85' lang='grc' dir='ltr'>Παι</span> <span class='ocrx_word' id='word_1_371' title='bbox 1250 2301 1374 2356; x_wconf 74' lang='grc' dir='ltr'><strong><em>έιριτος</em></strong></span> <span class='ocrx_word' id='word_1_372' title='bbox 1398 2312 1566 2342; x_wconf 83' lang='lat' dir='ltr'>vocatur</span> 
     </span>
     <span class='ocr_line' id='line_1_40' title="bbox 303 2323 1567 2415; baseline -0.009 -10"><span class='ocrx_word' id='word_1_373' title='bbox 303 2365 355 2405; x_wconf 83' lang='lat' dir='ltr'>ab</span> <span class='ocrx_word' id='word_1_374' title='bbox 377 2364 543 2405; x_wconf 85' lang='lat' dir='ltr'>Isocrate</span> <span class='ocrx_word' id='word_1_375' title='bbox 557 2363 599 2403; x_wconf 70' lang='grc' dir='ltr'>δι</span> <span class='ocrx_word' id='word_1_376' title='bbox 615 2323 822 2403; x_wconf 55' lang='lat' dir='ltr'>Plutarcho</span> <span class='ocrx_word' id='word_1_377' title='bbox 838 2362 875 2400; x_wconf 85' lang='lat' dir='ltr'>in</span> <span class='ocrx_word' id='word_1_378' title='bbox 890 2359 1179 2415; x_wconf 80' lang='lat' dir='ltr'>Apophthegm.</span> <span class='ocrx_word' id='word_1_379' title='bbox 1196 2356 1331 2396; x_wconf 80' lang='lat' dir='ltr'>Laced.</span> <span class='ocrx_word' id='word_1_380' title='bbox 1344 2355 1414 2396; x_wconf 79' lang='lat' dir='ltr'>&#39;ubi</span> <span class='ocrx_word' id='word_1_381' title='bbox 1429 2355 1469 2395; x_wconf 88' lang='lat'>&amp;</span> <span class='ocrx_word' id='word_1_382' title='bbox 1485 2367 1567 2394; x_wconf 82' lang='lat' dir='ltr'>ma-</span> 
     </span>
     <span class='ocr_line' id='line_1_41' title="bbox 303 2409 1569 2461; baseline -0.008 -2"><span class='ocrx_word' id='word_1_383' title='bbox 303 2428 365 2458; x_wconf 88' lang='lat' dir='ltr'>ter</span> <span class='ocrx_word' id='word_1_384' title='bbox 386 2419 471 2459; x_wconf 89' lang='lat' dir='ltr'>eius</span> <span class='ocrx_word' id='word_1_385' title='bbox 494 2417 673 2459; x_wconf 84' lang='lat' dir='ltr'>Teleutia</span> <span class='ocrx_word' id='word_1_386' title='bbox 693 2417 930 2457; x_wconf 83' lang='lat' dir='ltr'>nominatur.</span> <span class='ocrx_word' id='word_1_387' title='bbox 948 2415 1099 2454; x_wconf 87' lang='lat' dir='ltr'>Verum</span> <span class='ocrx_word' id='word_1_388' title='bbox 1119 2409 1342 2451; x_wconf 84' lang='lat' dir='ltr'>Plutarchus</span> <span class='ocrx_word' id='word_1_389' title='bbox 1359 2410 1399 2449; x_wconf 88' lang='lat' dir='ltr'>in</span> <span class='ocrx_word' id='word_1_390' title='bbox 1414 2410 1569 2461; x_wconf 85' lang='lat' dir='ltr'>Lycur-</span> 
     </span>
     <span class='ocr_line' id='line_1_42' title="bbox 303 2462 1570 2526; baseline -0.007 -14"><span class='ocrx_word' id='word_1_391' title='bbox 303 2485 359 2526; x_wconf 86' lang='lat' dir='ltr'>go</span> <span class='ocrx_word' id='word_1_392' title='bbox 374 2471 613 2524; x_wconf 62' lang='grc' dir='ltr'><strong><em>Παιὲέιρνιτον</em></strong></span> <span class='ocrx_word' id='word_1_393' title='bbox 633 2480 766 2511; x_wconf 83' lang='lat' dir='ltr'>vocat.</span> <span class='ocrx_word' id='word_1_394' title='bbox 781 2468 995 2522; x_wconf 58' lang='grc' dir='ltr'><strong><em>Πεέάριτος</em></strong></span> <span class='ocrx_word' id='word_1_395' title='bbox 1015 2466 1078 2507; x_wconf 88' lang='lat' dir='ltr'><strong>Cl.</strong></span> <span class='ocrx_word' id='word_1_396' title='bbox 1099 2465 1235 2504; x_wconf 82' lang='lat' dir='ltr'>Huns.</span> <span class='ocrx_word' id='word_1_397' title='bbox 1257 2464 1315 2504; x_wconf 85' lang='lat' dir='ltr'>Ita</span> <span class='ocrx_word' id='word_1_398' title='bbox 1334 2464 1449 2505; x_wconf 86' lang='lat' dir='ltr'>etiam</span> <span class='ocrx_word' id='word_1_399' title='bbox 1469 2462 1570 2516; x_wconf 83' lang='lat' dir='ltr'><strong>Reg.</strong></span> 
     </span>
     <span class='ocr_line' id='line_1_43' title="bbox 303 2516 1573 2581; baseline -0.008 -13"><span class='ocrx_word' id='word_1_400' title='bbox 303 2530 347 2568; x_wconf 72' lang='grc' dir='ltr'>δε</span> <span class='ocrx_word' id='word_1_401' title='bbox 363 2524 464 2568; x_wconf 81' lang='lat' dir='ltr'><strong>Caff.</strong></span> <span class='ocrx_word' id='word_1_402' title='bbox 485 2526 630 2581; x_wconf 83' lang='lat' dir='ltr'>ubique</span> <span class='ocrx_word' id='word_1_403' title='bbox 652 2525 730 2567; x_wconf 89' lang='lat' dir='ltr'>hoc</span> <span class='ocrx_word' id='word_1_404' title='bbox 753 2525 796 2567; x_wconf 89' lang='lat'>&amp;</span> <span class='ocrx_word' id='word_1_405' title='bbox 814 2522 988 2578; x_wconf 87' lang='lat' dir='ltr'>sequenti</span> <span class='ocrx_word' id='word_1_406' title='bbox 1009 2533 1093 2576; x_wconf 84' lang='lat' dir='ltr'><strong>cap.</strong></span> <span class='ocrx_word' id='word_1_407' title='bbox 1114 2518 1216 2561; x_wconf 85' lang='lat' dir='ltr'><strong>Dan.</strong></span> <span class='ocrx_word' id='word_1_408' title='bbox 1236 2530 1307 2561; x_wconf 87' lang='lat' dir='ltr'>ter.</span> <span class='ocrx_word' id='word_1_409' title='bbox 1367 2519 1392 2559; x_wconf 92' lang='lat' dir='ltr'>l.</span> <span class='ocrx_word' id='word_1_410' title='bbox 1417 2517 1455 2559; x_wconf 92' lang='lat'><strong>8.</strong></span> <span class='ocrx_word' id='word_1_411' title='bbox 1478 2516 1573 2571; x_wconf 62' lang='lat' dir='ltr'>stez-3</span> 
     </span>
    </p>
   </div>
  </div>
 </body>
</html>
