1716 3190
820 129 835 153 Χ

319 222 414 270 230
515 204 1389 255 ANNOTATIONES

373 294 467 348 Pag.
487 307 551 335 11.
584 295 610 335 1.
631 308 668 335 2.
697 292 774 337 Τῶν
798 293 934 351 κάτω)
957 295 1131 337 Aeacius
1162 296 1262 338 bene
1286 295 1472 338 maritinae
1496 306 1590 338 oran

319 346 473 388 Contra
490 350 545 388 τὰ
565 345 654 389 ἅνω.
676 348 779 390 Vide
798 348 846 389 ad
868 349 910 399 1,
934 364 1009 391 120
1024 380 1039 398 ‚
1060 351 1103 392 δι
1120 350 1182 398 11,
1201 364 1266 404 99.

328 414 329 419 ¹
372 405 447 442 ead.
467 402 492 442 l.
517 414 552 454 5.
565 401 647 442 Ἐτὺ
719 417 783 442 ave
797 407 1066 459 πεπραγμένος
1079 404 1165 445 τοὺς
1178 403 1329 459 φόρους)
1344 403 1450 445 Porti
1469 404 1587 445 inter-

319 455 489 510 pretatio
505 455 584 496 abit
598 469 621 496 a
640 417 916 498 miricatione
929 457 1143 500 verborum
1155 457 1399 500 Graecorum
1407 487 1422 506 ,
1433 457 1476 498 δι
1487 470 1588 498 men·

319 518 362 549 te
383 509 634 563 Thucydidis.
657 469 784 564 guod
801 511 938 552 Latine
957 513 1096 562 vertit,
1117 529 1142 553 a
1163 527 1236 567 rege
1257 513 1303 553 im
1342 524 1492 553 traverae
1517 512 1586 552 rri-

320 564 431 611 buta,
451 564 489 603 id
505 565 544 603 in
567 564 727 606 Scholio
749 564 906 607 Graeco
927 567 1109 619 exponit,
1128 582 1188 606 rex
1207 567 1285 607 remi
1303 579 1377 607 erat
1392 567 1423 606 ei
1443 566 1587 607 tributa.

321 619 378 658 At
397 618 601 672 quomodo
618 619 714 659 haec
737 631 807 660 rex
826 619 864 659 ei
883 617 1100 670 remiserat,
1115 633 1218 675 quae
1231 651 1244 670 ,
1266 633 1308 661 ut
1333 620 1588 672 Thucydides

321 672 432 719 dicit,
448 672 529 742 regi
544 672 668 712 adhuc
680 672 866 714 debebat?
878 673 1091 727 Stephanus
1107 674 1262 728 quidem
1273 676 1393 715 etiam
1407 688 1591 728 πεπρηγ-

319 727 432 778 μένος
454 740 587 779 φορους
606 728 832 796 vertitnqzxci
852 727 961 780 exigit
985 729 1136 768 tn'buta:
1164 728 1228 769 sed
1251 729 1288 769 id
1307 728 1373 770 hic
1394 729 1446 768 ita
1468 728 1590 782 accipi

321 780 1591 890 ’ὲῖἶὲἒέἑέῧῇΕὲΞπζῖἷρἔῖῗὲῗὲἶῖῗξὲἶί,Ἔᾈξῗῖἔέξαιῖῖῖ

314 889 478 943 stulacus.
501 887 729 942 Πρέιττομοιί
747 903 790 929 σε
810 888 985 943 ἀργύριον
999 920 1012 939 ,
1030 893 1168 939 μισ-θὴν
1180 920 1196 938 ,
1214 889 1363 944 φόρους,
1383 889 1439 932 est
1461 891 1560 943 exigo
1575 919 1591 937 ,

323 940 501 983 &oran-5:
518 941 741 996 πράττομοιι
765 939 838 982 ὑπό
860 957 926 983 σου
938 972 952 990 ,
971 942 1106 998 paffivi
1127 942 1274 992 forma,
1295 955 1335 984 tu
1354 959 1378 984 a
1397 959 1447 984 me
1466 944 1596 997 exigis,

323 996 406 1038 five
425 1010 485 1050 ego
498 1012 523 1036 a
538 1010 568 1036 re
582 998 760 1052 postulor,
774 995 1030 1048 ἀπαιτοῦμοιι.
1049 997 1190 1038 Prioris
1208 997 1492 1051 fignificationis
1510 998 1592 1038 ubi.

324 1064 402 1105 que
423 1051 542 1092 obvia
562 1049 647 1092 sunt
672 1064 785 1092 exem
812 1051 862 1091 la.
888 1051 980 1091 Vid.
1006 1052 1228 1105 Thucydid.
1254 1052 1328 1099 lv,
1347 1053 1420 1106 65,
1442 1052 1485 1092 δι’.
1511 1051 1594 1100 VI,

332 1120 404 1156 54,
429 1105 472 1145 &
497 1105 692 1160 Aristoph.
721 1106 786 1146 Nu
817 1137 825 1146 .
849 1119 890 1146 v.
922 1119 1011 1155 244.
1036 1105 1101 1147 De
1124 1105 1335 1160 posteriore
1353 1119 1403 1147 ex
1426 1106 1486 1146 his
1505 1118 1594 1146 ver-

326 1160 386 1200 bis
404 1159 667 1211 Thucydidis,
689 1159 731 1200 &
747 1160 904 1202 Thoma
919 1160 1106 1213 Magistro
1123 1161 1164 1200 in
1184 1159 1344 1214 πράττω
1357 1160 1490 1214 liquet.
1509 1160 1595 1201 Nec

326 1213 434 1254 aliter
448 1214 571 1267 accipi
591 1213 717 1268 potest
728 1212 945 1269 πραχθῆναι
961 1218 1098 1264 μισθὸν
1112 1215 1214 1269 apud
1231 1213 1427 1255 Pollucem
1443 1213 1518 1262 lv,
1527 1214 1594 1263 46.

380 1271 456 1309 ead.
483 1268 508 1308 l.
536 1281 597 1307 ιι.
619 1266 839 1362 Ἀμόργηνὲ
859 1268 920 1308 Ita
940 1268 1057 1308 etiam
1077 1269 1176 1309 infra
1207 1280 1292 1323 cap.
1331 1281 1377 1323 ¹9
1391 1299 1404 1318 ,
1423 1267 1466 1308 &
1486 1267 1591 1321 apud

326 1322 573 1363 Herodotum
599 1323 655 1371 V,
689 1335 758 1377 131
774 1352 790 1370 ,
841 1335 890 1363 oc
919 1335 1062 1362 nomen
1089 1322 1274 1364 scribitur.
1296 1322 1432 1375 Itaque
1459 1334 1597 1376 perpe-

327 1390 411 1417 ram
434 1376 503 1417 Gr.
525 1372 638 1430 Ἄμορ
677 1391 727 1416 ος.
744 1375 1009 1416 DePifl'uthne
1027 1376 1143 1418 habet
1156 1376 1411 1429 Thucydides
1431 1373 1477 1424 1,
1497 1389 1513 1416 1
1525 1388 1599 1430 15,
1689 1336 1700 1353 r

327 1431 369 1472 &
392 1429 470 1478 111‚·
497 1445 561 1485 31,
582 1431 626 1470 δι
674 1430 876 1471 lutarchus
893 1431 933 1470 in
956 1430 1113 1471 Pericle.

382 1486 473 1537 Pag.
499 1498 556 1525 12.
578 1485 601 1523 l.
628 1499 664 1524 2.
691 1483 959 1537 Φοιρναβάκου)
980 1483 1155 1525 Palmerii
1175 1482 1398 1524 sententiam
1410 1512 1427 1531 ,
1447 1482 1595 1537 Φοιρνῖι·

327 1553 394 1579 κου
413 1539 571 1592 legentis
589 1551 639 1578 ex
657 1537 886 1585 Aristotele,
904 1537 1136 1578 confirmant
1152 1538 1307 1592 quidam
1326 1536 1413 1578 Mff.
1439 1536 1482 1578 δι
1499 1550 1598 1577 non·

328 1591 423 1633 nihil
451 1593 566 1633 etiam
588 1591 666 1646 ipse
690 1592 944 1646 Thucydides
965 1592 1028 1641 ΙΙ,
1052 1592 1119 1643 67,
1144 1591 1338 1645 Φαρνάκην
1362 1594 1426 1631 τὴν
1453 1596 1595 1644 Φιιρνω-

330 1647 445 1700 βάζου
461 1659 692 1687 memorans.
709 1646 811 1686 Nam
830 1646 1028 1701 probabile
1040 1645 1110 1695 est,
1121 1645 1355 1687 Pharnacem
1366 1644 1475 1686 illum
1486 1675 1500 1695 ‚
1514 1657 1600 1685 mo·
1680 1662 1693 1671 2-
1709 1663 1716 1698 g

330 1714 373 1742 re
386 1701 555 1755 antiquis
575 1700 716 1741 usitato
725 1730 740 1748 ,
753 1700 836 1741 filio
857 1699 1104 1740 Pharnabazo
1114 1730 1128 1747 ‚
1143 1711 1291 1740 nomen
1312 1699 1432 1753 patris
1450 1697 1506 1740 sui
1525 1699 1598 1739 im-

330 1754 510 1850 &suma
524 1755 608 1795 Nec
621 1755 813 1808 improbat
827 1754 1002 1795 Palmerii
1019 1754 1329 1794 emendationem
1345 1752 1602 1806 Spanhemius
1684 1747 1716 1799 ἐ

377 1808 487 1850 iffert.
508 1809 546 1850 X
568 1809 615 1849 de
634 1809 840 1849 praestant.
859 1809 901 1848 δι
927 1807 1008 1849 Usu
1030 1807 1219 1849 Numism.
1238 1820 1325 1862 pag.
1351 1820 1413 1857 ²4·
1433 1806 1600 1848 Pharna-

332 1876 418 1904 cem
445 1862 598 1904 rursum
621 1863 798 1903 nominat
820 1862 1072 1914 Thucydides
1089 1863 1145 1910 V,
1167 1876 1202 1901 1.

388 1918 480 1969 Pag.
504 1931 564 1971 13.
583 1918 608 1957 l.
628 1932 666 1966 4.
680 1916 825 1957 ”Evsaos
841 1918 925 1970 ’γὰρ
945 1914 1190 1962 ’Amssaa‘zsov
1207 1912 1414 1969 ἐκαλεῖτο)
1433 1913 1528 1954 Νοη
1543 1912 1600 1954 est

332 1970 508 2012 habenda
524 1971 624 2011 ratio
642 1970 856 2020 librorum,
901 1971 942 2011 ui
957 1970 1102 2011 habent
1118 1968 1380 2015 Ἀλκιβιάέης.
1403 1968 1504 2008 Nam
1523 1967 1602 2008 En·
1686 1987 1692 2019 ξ
1714 2000 1716 2004 ,

333 2026 388 2064 dii
408 2025 440 2066 E
466 2025 557 2066 hori
578 2025 678 2087 patri
697 2025 797 2066 idem
818 2024 875 2065 fui
904 2037 926 2064 e
949 2037 1116 2073 nomen,
1135 2023 1244 2077 quod
1266 2022 1456 2063 Alcibiadi
1475 2021 1601 2062 Athe·
1686 2048 1690 2050 -
1715 2023 1716 2057 ἒ

332 2079 423 2120 nien
440 2094 478 2126 ι,
495 2078 680 2132 fignificat
693 2079 957 2132 Thucydides.
976 2079 1134 2119 Nomen
1148 2076 1384 2125 Alcibiadis,
1402 2076 1511 2130 quod
1529 2076 1602 2116 La·
1679 2079 1716 2132 qj

332 2133 520 2174 conicum
543 2132 618 2183 est,
643 2134 812 2188 primum
835 2131 1005 2173 habuiss'e
1033 2131 1171 2181 huius,
1196 2131 1244 2172 de
1323 2143 1351 2172 ο
1379 2129 1445 2171 hic
1471 2128 1603 2170 sermo
1682 2143 1716 2188 U}

334 2185 416 2236 est,
436 2199 653 2241 proavum,
675 2199 786 2229 cums
802 2197 911 2241 pater
931 2185 1097 2240 hospitio
1117 2185 1268 2226 Alcibia
1293 2186 1301 2193 “
1345 2182 1602 2225 Lacedaemo-

335 2241 393 2281 nii
417 2240 508 2282 usus
531 2240 649 2282 fuerit
662 2271 677 2288 ‚
710 2255 759 2282 ex
787 2241 864 2281 hoc
885 2240 980 2282 loco
1007 2239 1277 2292 Thucydidis,
1304 2237 1348 2279 δι
1378 2238 1603 2291 Harpocra-
1668 2227 1682 2238 ’

337 2295 447 2336 tione
466 2295 505 2335 in
517 2294 760 2341 ἈΛκιβιᾶ-ἒης
773 2294 790 2335 ὃ
808 2295 971 2335 Κλεινίου
984 2326 996 2343 ,
1010 2294 1078 2337 ubi
1094 2294 1238 2355 primus
1251 2291 1466 2334 Alcibiades
1477 2290 1605 2333 Athe-

337 2348 477 2389 niensis
501 2348 616 2390 huius
636 2349 877 2403 πρόπαππος
904 2347 1012 2389 fuiffe
1034 2348 1198 2395 dicitur,
1225 2345 1285 2388 dis
1304 2355 1388 2386 utat
1410 2344 1607 2386 Meurfius

338 2402 400 2443 VI
418 2402 581 2444 Atticar.
603 2403 776 2446 Leffion.
799 2417 857 2444 12.
877 2401 950 2442 Sed
968 2400 1105 2442 refellit
1125 2414 1243 2448 eum,
1324 2400 1365 2440 in
1384 2400 1605 2453 Harpocra-

335 2456 445 2518 tione
470 2469 551 2497 non
576 2456 840 2519 πρόπαππος,
862 2455 924 2496 fied
951 2455 1121 2517 πᾴπζπος
1145 2454 1347 2516 legendum
1372 2452 1448 2494 esse
1477 2452 1606 2493 osten·
1674 2457 1682 2466 ’·
1701 2434 1716 2488 J

336 2510 390 2550 dit
413 2509 588 2552 Valefius
608 2524 647 2553 m
670 2511 797 2553 Notas
820 2510 1006 2552 Mauffaci
1027 2509 1074 2551 ad
1098 2509 1459 2565 Harpocranonem.
1481 2506 1608 2550 Reste
1666 2513 1699 2567 ἢ
