1716 3190
310 202 403 252 280
509 200 1385 248 ANNOTATIONES

308 289 370 331 hic
387 290 532 344 aliquid
551 301 782 345 corruptum
802 289 878 331 esse
899 290 1045 338 credo,
1062 291 1175 332 cuius
1199 291 1255 331 rei
1275 301 1508 345 argumento
1525 291 1583 333 est

309 345 481 385 varietas
501 343 721 399 scripturae.
751 344 825 385 Sed
843 344 906 384 illa
932 342 1018 385 ἄνευ
1039 344 1114 384 τῶν
1137 344 1312 384 πλειόνων
1334 355 1433 399 puto
1448 346 1582 399 potius

310 397 412 446 effe,
423 401 500 451 fine
518 400 693 440 voluntate
706 428 719 445 ‚
738 398 902 452 consensu
915 398 957 439 &
976 398 1137 439 confilio
1160 399 1414 446 multitudinis,
1435 399 1500 439 vel
1516 397 1584 439 sal-

311 461 389 491 tem
405 453 578 507 quinque
601 452 759 495 millium
771 483 782 502 ‚
826 453 1001 494 uomodo
1019 454 1103 493 ἀνευ
1119 452 1229 507 saepe
1244 452 1364 506 accipi
1384 452 1496 506 supra
1510 453 1583 493 ali-

311 517 414 559 quot
433 506 530 548 locis
555 506 746 547 ostensum
769 519 791 546 e
835 537 846 554 ‚
868 518 987 559 quam
993 507 1067 559 fine
1092 508 1214 547 maiori
1233 507 1357 547 civium
1373 518 1498 561 parte,
1518 505 1584 547 vel

301 561 380 614 fine
387 561 561 613 pluribus,
581 571 625 601 ut
640 560 816 600 Aeacius.
831 559 933 599 Nam
944 559 1059 614 legati
1080 571 1168 600 ante
1192 574 1215 601 e
1236 561 1393 601 decreto
1408 559 1582 600 solorum

314 612 720 668 Quadringentorum,
735 613 776 653 δι
789 612 944 653 illorum
960 614 1229 655 dominationis
1241 614 1482 662 stabiliendae
1493 627 1586 666 cau·v

313 667 353 708 sa
367 667 461 707 miffi
475 667 638 715 fuerant,
653 680 685 708 c.
699 666 1044 721 71.1nterpretati'o
1056 668 1269 708 verborum
1283 664 1322 709 οὗ
1338 670 1382 710 το
1396 667 1587 708 ἀπαλλά-

316 720 405 772 ξειν,
419 738 486 762 non
499 722 729 775 impecfituros,
749 732 790 760 ut
796 723 1056 775 praetendebant
1065 751 1079 768 ,
1093 722 1174 775 quin
1191 744 1236 754 -—-
1249 721 1304 762 est
1315 721 1365 761 ab
1378 721 1585 762 Hudsono.

315 774 458 816 Portus
474 786 666 822 verterat,
676 777 730 827 stc
743 774 877 827 enimse
887 774 1102 829 impetEturos
1118 776 1271 815 dicebant
1279 805 1294 823 ‚
1305 776 1388 829 quin
1409 798 1470 815 -.
1483 776 1583 816 Utra

314 828 457 870 melior
477 828 538 877 fit,
557 829 778 872 iudicabunt
798 828 874 868 alii.
894 828 979 882 Ego
997 827 1220 871 sententiam
1243 828 1486 871 Graecorum
1502 842 1586 870 non

318 881 508 936 assequor.
528 883 648 924 Ubbo
665 882 838 924 Emmius
857 882 932 923 hoc
951 893 1076 923 totum
1097 883 1151 923 ita
1170 883 1302 923 vertit:
1314 885 1586 937 mandabantque

317 937 460 989 legatis,
481 939 544 992 qui·
560 939 807 977 Lacedaemone
826 949 944 986 erant,
965 953 1006 976 ne
1022 951 1091 990 qua
1114 938 1232 989 resine
1247 937 1422 976 voluntate
1430 938 1585 991 plurium

318 991 357 1033 in
378 991 549 1032 civitatem
564 1003 760 1044 peccarent,
781 1006 840 1031 nec
849 993 1019 1044 studerent
1035 991 1072 1030 in
1084 991 1185 1031 nimis
1201 1005 1332 1045 paucos
1349 1006 1400 1030 res
1412 992 1484 1030 eius
1502 1007 1587 1031 con·

311 1044 415 1102 firre.
438 1046 470 1086 E
484 1046 624 1100 quibus
641 1055 799 1099 apparet
811 1075 824 1092 ‚
840 1057 928 1084 eum
945 1043 1092 1099 putaffe
1105 1044 1308 1098 legendum
1328 1046 1419 1098 πρὶς
1435 1042 1532 1084 τούς.

375 1101 450 1139 ead.
470 1101 493 1142 l.
513 1115 552 1154 9.
570 1098 798 1152 Ἰο-οιιτέροιν)
820 1098 952 1139 Attice
973 1111 1047 1152 pro
1073 1097 1248 1151 ἰσοτέροιν.
1268 1097 1440 1150 Etymol.
1463 1098 1522 1138 M.
1543 1110 1584 1138 v.

319 1152 599 1194 οιίἒοιέστοιτος.
629 1153 690 1194 Εἰς
721 1153 850 1206 ὲτέροιν
878 1153 1004 1193 minus
1033 1153 1216 1193 convenit
1243 1150 1476 1199 sententiae,
1500 1152 1543 1193 &
1561 1165 1586 1193 e

320 1207 640 1262 pronuntiatione
665 1218 795 1250 ortum
814 1206 879 1247 est.

375 1266 451 1302 ead.
473 1263 496 1301 l.
525 1276 583 1303 11.
601 1259 787 1314 Τοιοὺτῳ)
808 1259 867 1303 cl.
891 1258 1045 1310 τοιούτῳ
1070 1258 1188 1307 ewen,
1214 1259 1285 1301 Gr.
1304 1272 1404 1300 vero
1427 1257 1585 1309 τοιούτῳ

320 1315 458 1369 τρόπῳ.
481 1329 531 1356 ex
547 1315 875 1369 interpretatione.
897 1316 1043 1357 WAss.
1063 1313 1192 1367 Τρόπῳ
1205 1313 1363 1367 gloffam
1378 1313 1466 1362 effe,
1484 1312 1586 1353 haud

321 1368 433 1409 facile
455 1368 655 1423 quisquam
681 1368 839 1409 dubitet.
863 1367 928 1408 De
948 1367 1042 1408 ειέει
1062 1366 1098 1406 id
1121 1380 1202 1408 non
1223 1379 1302 1407 tam
1322 1378 1498 1422 apertum
1519 1367 1589 1408 est.

322 1423 426 1463 Nam
460 1422 715 1476 Thucydides
741 1421 851 1476 saepe
875 1423 929 1461 ita
958 1421 1146 1476 loquitur.
1171 1421 1268 1474 Cap.
1298 1420 1373 1474 seq.
1398 1420 1594 1473 Mimo-”tae

321 1477 474 1518 ἐναντίοι
502 1477 604 1518 ’ὄντες
625 1475 680 1526 τῷ
701 1475 856 1526 τοιούτῳ
883 1473 992 1516 ε’ίέει.
1025 1472 1096 1522 ΠΙ,
1122 1475 1197 1523 62,
1223 1474 1437 1523 Σκέψασδε
1463 1475 1498 1515 ἐν
1525 1470 1587 1524 οἳῳ

323 1530 421 1571 fieret
453 1530 618 1585 ἑκάτεροι
641 1527 740 1581 vila-&v
768 1528 878 1572 τοῦτο
898 1528 1080 1582 ἔπραξαν.
1105 1528 1190 1577 Vl,
1212 1542 1291 1577 77,
1316 1527 1489 1582 Ὁρῶντες
1517 1525 1587 1572 αὖ·

324 1584 412 1626 τοὺς
434 1585 500 1625 ἐπὶ
525 1583 638 1625 τοῦτο
669 1587 714 1623 τὸ
738 1580 838 1627 εἶδος
858 1584 1112 1637 τρεπομένους.
1135 1582 1184 1623 Et
1204 1581 1326 1629 VIII,
1358 1583 1429 1636 56,
1451 1582 1589 1636 Τρέπε·

323 1654 391 1679 ‘rou
418 1638 484 1678 ἐπὶ
503 1637 645 1682 τοιόνέε
662 1633 773 1682 e'i‘saf.

380 1694 474 1746 Pag.
498 1707 583 1743 140.
603 1692 628 1732 l.
651 1693 687 1732 6.
709 1690 949 1745 Προστέιτης)
968 1690 1030 1732 Sic
1051 1689 1166 1730 etiam
1187 1689 1332 1730 Thom.
1347 1687 1532 1742 Magister
1547 1702 1587 1729 v.

323 1745 522 1798 βούλομαι.
542 1745 793 1798 Thucydides
805 1745 880 1794 IV,
899 1746 951 1795 46
964 1775 977 1792 ,
993 1743 1036 1786 Οἱ
1055 1741 1121 1784 τοῦ
1134 1741 1257 1795 estimat
1276 1746 1494 1797 προστάται
1513 1742 1589 1800 τῇν

323 1801 556 1854 Κερκυραίων.
580 1800 638 1840 VI
651 1831 664 1849 ,
687 1811 733 1854 35
749 1829 762 1846 ,
781 1798 908 1840 Ἀθηνοι
947 1798 1031 1852 ὅροις
1048 1798 1086 1838 ὃς
1100 1796 1223 1848 δήμου
1236 1811 1279 1836 τε
1294 1795 1515 1850 προστάτης
1537 1798 1590 1838 ἦν.

323 1854 604 1908 Aristophanes
622 1855 723 1895 Rau.
746 1867 785 1893 ν.
812 1867 900 1908 577,
909 1813 1083 1907 {Equitio
1112 1865 1236 1903 1125,
1249 1852 1291 1891 &
1303 1850 1491 1891 Aelianus
1510 1849 1588 1890 XII

324 1910 421 1948 Var.
451 1908 547 1949 Hist.
571 1923 636 1970 43.
657 1908 940 1962 Πρωτοστάτης
988 1905 1118 1960 roprie
1137 1904 1183 1948 ad
1211 1904 1383 1945 militiam
1435 1904 1588 1947 ertinet.

323 1963 417 2003 Vid.
443 1962 681 2004 Eustathlum
710 1962 749 2000 in
768 1962 930 2002 Homer.
948 1921 1056 2000 ffiad.
1083 1956 1123 2007 ν’,
1146 1973 1183 2013 p.
1202 1972 1277 2013 923
1291 1988 1306 2006 ‚
1324 1959 1387 1999 He
1402 1957 1560 2012 ychium
1573 1986 1588 2006 ‚

321 2017 466 2061 Polluc.
492 2016 533 2066 1,
564 2030 662 2067 127,
685 2014 866 2068 Thucyd.
894 2016 950 2061 V,
973 2028 1038 2066 7¹·

379 2072 472 2124 Pag,
504 2085 587 2120 141.
613 2071 638 2108 l.
673 2084 708 2122 3.
738 2063 1037 2123 Προῦθυμοῦντο)
1067 2066 1161 2107 Νοη
1191 2064 1293 2106 τεᾶε
1319 2064 1473 2130 quidam
1498 2062 1586 2106 Mff.

321 2120 613 2179 προύκαλοῦντο.
628 2122 879 2175 Thucydides
900 2123 955 2172 V,
980 2135 1041 2173 17,
1055 2115 1284 2174 Προῦθνμῆθη
1301 2133 1368 2160 την
1386 2117 1588 2170 ξύμβασιν.

322 2179 418 2227 Ibid.
449 2192 482 2222 c.
515 2193 582 2233 39,
604 2177 680 2220 Τῶν
706 2175 883 2231 ξυγχέαι
913 2174 1156 2219 σπευὸὀντων
1181 2175 1255 2218 τὰς
1278 2171 1470 2219 mort-³25,
1495 2187 1584 2224 προ-

322 2233 549 2284 θυμουμένων
575 2233 649 2272 τὰς
671 2231 709 2270 ἐς
735 2229 920 2270 Βοιωτούς.
945 2229 990 2269 Et
1007 2228 1123 2276 VIII,
1145 2241 1188 2285 ¹.⁹
1205 2226 1380 2267 Χοιλεπο)
1397 2226 1468 2277 μὲν
1487 2217 1584 2267 ἶσον

321 2287 399 2328 τοῖς
428 2283 761 2340 ξυμπροθυμηθεῖσι
788 2283 860 2324 τῶν
887 2282 1039 2337 ῥητόρων
1061 2285 1123 2321 τὸν
1147 2283 1324 2321 ἔκπλουν.

374 2345 449 2381 ead.
469 2341 493 2380 l.
511 2356 546 2390 4.
570 2338 705 2388 Πολλῷ
719 2353 763 2378 τε
785 2336 935 2387 μᾶλλον
949 2335 1031 2390 ἔτι)
1055 2335 1136 2376 Alii
1150 2335 1287 2376 ordine
1306 2332 1468 2374 meliore
1486 2343 1584 2372 πολ-

316 2394 373 2445 A&
399 2410 443 2434 τε
470 2393 527 2434 ἔτι
547 2393 706 2444 μᾶλλον.
735 2394 883 2433 WASS.

370 2453 444 2488 ead.
461 2449 485 2487 I.
512 2461 568 2488 11.
587 2445 905 2503 Ξυνοιλλοιγῆνοιι)
929 2443 1019 2486 Vid.
1032 2443 1178 2485 Thom.
1198 2439 1427 2494 Magistrum
1448 2440 1488 2480 in
1497 2438 1583 2486 βού-

313 2514 429 2555 λομαι
449 2501 491 2546 δι
510 2499 724 2555 ἒιηλλάγκ.
