1716 3190
332 233 426 290 302
507 216 1018 270 ANNOTATIONES
1056 220 1125 266 IN
1161 219 1277 265 LIB.
1310 217 1442 266 VIII.

332 309 474 353 delitati
493 306 586 351 suae
602 309 835 350 inimicitiam
853 308 896 350 &
914 308 1070 360 odium,
1088 309 1199 351 cuius
1220 318 1311 349 ante
1328 309 1472 351 nullam
1486 305 1603 363 signi-

332 362 558 406 ficationem
576 364 740 404 dederat.
940 408 965 420 Ν

388 420 480 472 Pag.
498 431 582 470 ¹74·
597 419 621 458 l.
638 431 674 458 2.
689 416 901 469 Φοβοὺμενοι
921 419 979 458 οὐν
992 412 1128 470 afim)
1139 415 1269 457 Notus
1280 414 1603 470 Atticismus‚pro

335 473 552 525 φοβούμενοι
565 468 718 523 μήποτε
729 470 844 511 αὐτὸς
853 502 866 519 ,
878 483 995 525 quem
1007 471 1070 511 hic
1083 482 1166 511 non
1181 469 1484 511 animadvertisse
1495 471 1603 510 vide·

334 538 400 569 tur
419 527 615 581 interpres.
631 525 733 565 Vide
746 525 983 579 Stephanum
1003 525 1053 564 ad
1068 522 1304 565 Corinthum
1319 523 1444 565 Artic.
1460 523 1600 564 LXIII.

389 583 465 620 ead.
477 581 502 620 l.
517 594 555 629 7.
572 580 627 619 Ἐν
643 575 824 632 Μιλήτῳ)
839 579 944 620 Vide
961 578 1206 619 Plutarchum
1223 579 1270 618 de
1282 578 1439 619 Garrul.
1455 592 1493 633 p.
1513 591 1554 632 5¹
1564 590 1604 632 3.

335 635 404 690 qui
419 634 466 675 de
478 632 694 675 Alcibiadis
711 631 878 673 secundo
891 631 1040 681 exsilio,
1053 632 1161 686 quasi
1175 645 1225 672 ex
1240 632 1340 672 libro
1352 631 1511 682 οᾶεινο,
1523 644 1605 671 me·

337 698 477 729 morat.
493 687 636 727 WAss.
653 685 774 739 Quae
793 683 855 726 hic
869 686 915 726 de
933 685 1071 726 Mileto
1091 682 1185 726 dicit
1204 683 1320 727 Thuc
1351 685 1477 732 dides‚
1497 685 1545 726 ad
1559 697 1606 726 ea
1681 728 1684 733 ,

338 743 521 783 videntur
540 741 756 795 pertinere,
777 752 880 793 quae
896 752 981 794 cap.
999 739 1053 789 84
1073 740 1187 780 huius
1209 739 1296 780 libri
1319 701 1512 794 figuntur.

391 798 466 836 ead.
483 796 506 835 l.
520 809 556 846 9.
571 792 858 840 Διαβεβλῐῖσθοιί
870 807 914 833 ‘te
933 793 1087 845 νομίσας
1103 790 1264 846 aaron)
1277 793 1505 834 Scholiastes
1518 792 1583 832 hic
1590 820 1606 840 ,

340 850 384 891 δι
402 861 486 903 cap.
506 848 553 888 81
568 878 582 895 ,
602 846 894 894 ἒιωβάλλεσῦαι
910 847 1071 902 exponit
1090 844 1320 909 ὑβρίζεσθαι.
1340 847 1435 888 Eius
1451 846 1607 888 senten·
1683 880 1685 882 .

341 906 434 944 tiam
445 903 496 943 ibi
509 901 781 955 improbarunt
789 933 800 950 ,
812 901 876 941 hic
893 900 1012 942 secuti
1027 900 1115 941 sunt
1128 910 1366 955 interpretes.
1377 901 1479 941 Mihi
1492 901 1608 941 etiam

340 958 419 999 hoc
438 957 533 998 loco
553 956 603 996 ab
624 955 686 995 illa
706 953 870 1010 potuifl'e
888 955 1066 996 recedere
1078 985 1091 1002 ,
1111 954 1154 995 δι
1173 955 1295 995 verba
1315 953 1410 996 haec
1430 955 1483 994 ita
1503 954 1611 994 acci-

340 1011 476 1075 pienda
493 1009 567 1051 effe
579 1010 760 1050 videntur
768 1041 780 1060 ‚
792 1008 1086 1064 Tissaphernem
1099 1007 1341 1056 existimaffe‚
1349 1007 1388 1049 se
1401 1008 1611 1049 admodum

339 1065 507 1106 invisum
525 1063 601 1105 effe
622 1062 934 1118 Peloponnesiis,
955 1063 998 1103 &
1016 1064 1055 1103 in
1076 1072 1216 1104 eorum
1237 1062 1370 1103 odium
1387 1061 1610 1103 incurriffe:
1684 1071 1686 1074 ·

340 1121 453 1161 cuius
470 1119 526 1159 rei
546 1117 681 1158 causas
701 1116 881 1172 exposuit
901 1116 1152 1171 Thucydides
1171 1115 1285 1170 supra
1303 1128 1388 1171 cap.
1402 1115 1477 1168 78,
1490 1116 1532 1156 &
1554 1115 1611 1156 st:-

340 1174 560 1229 quentibus.
573 1173 675 1212 Nam
686 1170 915 1218 ἒιαβίιλλειν
934 1171 1090 1220 dicitur,
1100 1170 1170 1225 qui
1188 1170 1304 1211 alium
1319 1170 1359 1210 in
1374 1170 1554 1212 invidiam
1569 1170 1613 1211 δι

341 1229 477 1270 odium
499 1226 664 1267 adducit.
687 1225 874 1278 Thucyd.
892 1224 944 1265 ΙΙΙ
957 1255 972 1273 ,
996 1235 1091 1280 109,
1111 1223 1428 1275 Aanesamovlwe
1449 1223 1516 1264 m>
1536 1228 1613 1264 Πε-

343 1281 605 1323 λοποννησίους
629 1279 832 1326 διαβαλεῖν
857 1278 894 1319 ἐς
911 1279 996 1319 τοὺς
1019 1277 1302 1332 ἐκείνῃχρῂξων
1313 1273 1506 1319 Ἕλληνας.
1526 1277 1616 1317 sm-

341 1336 581 1384 βέιλλεσῇοιι,
595 1334 662 1388 qui
679 1333 826 1374 invisus
846 1333 888 1373 δι
910 1331 1069 1374 odiosus
1089 1333 1269 1373 redditur.
1288 1327 1349 1373 lv
1362 1362 1374 1381 ,
1398 1345 1444 1372 21
1462 1361 1475 1380 ‚
1495 1332 1551 1371 Μὴ
1575 1331 1615 1372 ἐς
1684 1334 1687 1341 ’

341 1389 428 1430 τοὺς
447 1389 684 1443 ξυμμάχους
704 1386 958 1434 ὃιοιβληθῶσιε
983 1386 1050 1427 ubi
1069 1385 1297 1427 Scholiastes
1318 1383 1504 1439 ,ψεχθῶσι
1517 1414 1530 1433 ,
1548 1399 1615 1436 με·
1683 1387 1687 1393 ’

344 1444 494 1485 caeam.
512 1440 802 1503 Διαβὲβλῇσδαί
819 1455 863 1480 τε
878 1441 1037 1502 ’νομίσας
1055 1435 1194 1481 αὖτοὺς
1202 1468 1217 1487 ,
1233 1439 1342 1494 quod
1363 1438 1614 1533 hic-gerique

342 1497 430 1539 Mff.
448 1497 613 1546 habent,
626 1508 676 1536 ex
692 1508 737 1535 us
745 1507 889 1549 exponi
905 1494 1029 1548 potest
1041 1525 1054 1543 ,
1097 1507 1172 1534 uae
1184 1494 1231 1533 ad
1243 1507 1326 1548 cap.
1338 1492 1440 1548 83d1
1478 1505 1501 1533 a
1517 1491 1614 1533 sunt.

400 1552 614 1611 Pag3175..
628 1549 653 1590 l.
672 1562 706 1589 1.
727 1550 804 1589 Τὲις
819 1547 1034 1602 ἐμβολὰς)
1100 1548 1172 1588 ulti
1190 1546 1276 1590 ΜΠ.
1289 1546 1433 1588 addunt
1454 1546 1617 1593 &vehem

342 1619 424 1648 ται.
447 1617 591 1660 opinor
612 1601 730 1645 reete.
752 1603 901 1644 wass.

745 1833 1231 1862 ——-·--.—·-4
