1716 3190
347 227 441 276 252
547 207 1415 257 ANNOTATIONES

348 314 424 354 ις,
445 299 600 343 Concil.
623 300 804 342 Chalced.
831 301 931 342 Bart.
953 299 1034 347 Ill,
1053 300 1256 354 Scylacem
1280 315 1316 355 p.
1341 301 1417 362 38,
1443 299 1616 355 spantia·
1692 271 1698 276 ι

346 356 470 395 mium
494 355 543 395 ad
561 355 841 397 Callimachum
865 355 889 395 l.
916 355 952 395 d.
975 355 1121 395 WAss.
1141 355 1254 396 Adde
1270 355 1546 399 Caiaubonum
1565 355 1613 395 ad

347 409 533 450 Strabon.
557 424 595 464 p.
619 410 721 459 686,
747 410 790 450 &
811 408 1057 451 Holstenium
1076 410 1125 450 ad
1148 409 1400 464 Stephanum.

403 466 477 503 ead.
503 465 527 503 l.
555 465 593 504 6.
612 463 684 504 Thu
745 464 837 517 ὦρσεν
860 462 1127 518 καταέρομοιῖς
1151 463 1259 504 λείαν
1279 462 1466 517 ἐποιεῖτο)
1492 463 1618 504 Henr.

349 516 567 572 Stephanus
589 518 687 558 inter
708 480 780 558 {lia
805 517 894 558 loca
915 517 1149 572 scriptorum
1174 529 1376 566 veterum,
1393 518 1463 572 qui
1488 515 1614 571 phrafi

350 571 456 611 λείαν
483 571 677 612 ποιεῖσθαι
700 571 960 613 accusativum
985 573 1042 612 rei
1071 585 1093 612 a
1122 570 1358 626 posuerunt,
1383 572 1499 613 etiam
1518 570 1615 612 haec

344 626 471 665 verba
489 625 733 678 Thucydidis
752 624 876 666 affert.
896 627 1051 667 Verum
1070 639 1092 666 a
1109 626 1136 666 ii
1157 626 1235 667 hoc
1254 626 1389 667 dicunt
1406 626 1453 666 de
1474 624 1614 672 rebus,

347 692 450 732 quae
474 680 555 734 rapi
586 680 627 719 &
653 679 798 720 auferri
813 678 995 734 possunt,
1018 689 1063 720 ut
1082 679 1277 731 σώματα,
1292 679 1404 720 σκεύη
1417 711 1430 729 ,
1451 679 1494 720 &
1513 678 1614 727 alia,

346 733 395 798 de
413 734 553 787 quibus
577 732 662 773 mix
684 733 858 787 usurpari
875 733 990 780 solet·‚
1004 733 1111 774 mim
1131 733 1349 782 ποιεῖσθαις
1372 733 1478 788 quod
1497 733 1613 773 etiam
1698 736 1703 741 ¹

346 787 531 841 “pom-yfir
550 787 746 828 ποιεῖσὸοιι
766 788 856 829 dicit
870 787 1126 840 Thucydides
1144 787 1242 829 infra
1259 801 1291 829 c.
1313 789 1385 828 62:
1405 787 1476 827 Καὶ
1496 786 1612 827 σκεύη

343 841 416 892 μὲν
433 841 497 881 καὶ
517 841 750 895 ἀνθράποθα
766 841 948 896 ἄρτοι-γὴν
965 840 1222 893 ποιησάμενος.
1239 842 1330 884 Hoc
1343 851 1472 884 autem
1493 841 1540 881 ad
1552 853 1613 881 re-
1693 855 1695 858 ’

343 895 502 956 gionem
514 895 732 946 transferri,
754 896 964 937 admodum
978 894 1116 936 durum
1137 896 1179 937 δι
1199 895 1367 936 insolens
1390 895 1554 936 videtur.
1571 893 1613 935 Si
1633 904 1636 915 ¹
1694 947 1699 951 η

345 963 418 990 της
436 950 566 1004 χώρας
579 980 590 998 ,
608 951 674 990 vel
695 949 951 1003 καταδραμὼν
970 949 1180 1003 legeretur,
1203 961 1248 993 ut
1267 949 1354 990 alibi
1377 949 1479 1004 apud
1501 948 1613 990 Τίιυ-

344 1003 525 1055 cydidem
551 1005 592 1045 δι
611 1016 748 1045 omnes
773 1004 896 1052 alios,
920 1003 1182 1058 καταέροιμεῖν
1206 1004 1272 1046 τὴν
1293 1004 1429 1056 χώραν
1442 1034 1456 1050 ,
1477 1003 1609 1044 locum

342 1055 595 1112 intelligerem
608 1088 619 1107 ,
644 1059 684 1098 in
705 1071 788 1112 quo
804 1071 910 1099 nunc
931 1058 1086 1099 haereo.
1107 1058 1180 1100 Sed
1199 1069 1327 1098 tamen
1342 1058 1435 1098 mihi
1457 1055 1611 1112 persua-

348 1110 440 1159 deo,
460 1113 623 1153 alterum
638 1112 781 1152 horum
794 1126 815 1153 a
833 1113 1065 1166 Thucydide
1083 1111 1323 1166 profeaum,
1342 1112 1383 1153 &
1398 1124 1569 1152 errorem
1588 1124 1612 1152 e
1691 1117 1694 1120 ’

344 1167 580 1220 compendiis
603 1166 810 1216 scribendi,
831 1167 971 1221 quibus
991 1165 1151 1208 ultimae
1165 1165 1352 1219 syllabae,
1375 1180 1435 1216 nv,
1452 1180 1526 1213 ow,
1546 1179 1610 1215 ης,
1694 1213 1697 1215 Α

345 1234 419 1270 ας,
444 1236 512 1269 ων,
534 1221 576 1261 &
600 1236 662 1262 aas·
683 1221 723 1261 in
739 1220 826 1262 Mff.
850 1221 1142 1274 exprimuntur,
1162 1231 1293 1260 ortum
1316 1219 1403 1263 effe.

406 1274 494 1328 Pag.
521 1276 586 1317 62.
604 1277 629 1315 l.
657 1289 691 1315 1.
713 1275 868 1329 Σύμην)
891 1275 955 1316 De
976 1275 1047 1315 hac
1064 1275 1153 1315 vide
1173 1274 1420 1316 Herodotum
1440 1272 1481 1323 I,
1510 1286 1611 1324 174,
1680 1271 1683 1274 ’

342 1326 573 1369 Strabonem
587 1360 600 1379 ,
630 1328 892 1370 Ptolemaeum
905 1360 920 1377 ‚
950 1328 1197 1370 Athenaeum
1210 1358 1226 1376 ,
1260 1327 1463 1368 Aristidem
1487 1327 1608 1368 Tom.
1687 1346 1711 1358 w

341 1380 406 1429 lI,
427 1396 512 1437 pag.
540 1383 628 1438 358.
651 1382 714 1424 Est
735 1383 777 1423 δι
794 1382 924 1435 Σύμης
945 1382 1022 1436 ’όρος
1034 1383 1134 1436 apud
1154 1382 1347 1428 Araxem,
1363 1382 1547 1434 Orpheus
1564 1395 1608 1422 v.
1695 1386 1700 1435 ᾗ

343 1437 437 1486 746.
457 1438 612 1478 Xo'emnv
623 1437 873 1478 Rhodiorum
891 1435 1049 1477 insulam
1068 1449 1188 1477 vocat
1197 1436 1492 1490 Theophrastus
1512 1435 1608 1477 VIII
1652 1475 1654 1477 ,
1684 1464 1687 1468 -

341 1490 396 1530 Η.
418 1490 539 1531 Plant.
557 1506 592 1546 3.
607 1493 756 1532 WASS.
773 1491 893 1546 Apud
912 1490 1223 1545 Theophrastum
1240 1489 1295 1531 est
1307 1490 1473 1531 Χιλιίαι.
1487 1490 1536 1532 Et
1556 1489 1609 1533 fic
1684 1501 1710 1545 ᾗ,

341 1545 457 1584 etiam
477 1546 578 1600 apud
599 1545 710 1587 alios.
728 1546 830 1586 Vide
850 1545 1075 1587 Cellarium.
1331 1570 1338 1575 -

395 1599 477 1640 ibid.
497 1599 680 1655 Χάλκην)
704 1600 861 1641 Nomen
879 1600 996 1640 huius
1013 1598 1157 1640 insulae
1183 1600 1290 1642 varie
1312 1596 1362 1640 ab
1382 1596 1609 1640 auaoribus
1685 1615 1712 1647 ῆι,

342 1653 588 1715 exprimitur.
619 1654 765 1695 Plinius
786 1655 826 1694 in
852 1667 936 1694 uno
959 1653 1054 1694 loco
1084 1653 1252 1700 chalcen,
1275 1653 1314 1693 in
1338 1651 1462 1693 altero
1495 1653 1609 1692 chal-
1682 1655 1683 1658 ’

339 1722 430 1747 ctam
447 1706 609 1763 scripsit,
631 1708 776 1761 Scylax
796 1708 1011 1758 Χαλκείοιν,
1033 1706 1324 1760 Theophrastus
1339 1718 1432 1748 cum
1449 1705 1610 1748 Strabo·

341 1773 393 1801 ne
416 1767 591 1803 Χοιλκῐαν
604 1793 616 1813 ,
639 1763 744 1803 Mela
765 1762 931 1817 denique
955 1775 1044 1802 cum
1069 1762 1262 1816 corruptis
1281 1759 1476 1802 codicibus
1503 1761 1607 1801 Chal.
1680 1754 1697 1810 J

338 1816 455 1858 cidem.
475 1816 685 1857 Palmerius
701 1817 749 1857 ad
772 1817 912 1858 Graec.
935 1815 1051 1857 Auci.
1076 1830 1113 1871 p.
1141 1829 1242 1870 347,
1265 1814 1353 1870 348.
1378 1814 1518 1855 HUDS.

344 1882 347 1887 ’
393 1873 468 1910 ead.
493 1871 517 1912 l.
543 1873 581 1911 6.
600 1871 662 1910 Ἐκ
681 1869 751 1911 τοῦ
771 1867 946 1933 οὐρανοῦ)
966 1870 1027 1911 Ita
1047 1870 1108 1911 Cl.
1135 1871 1177 1910 δι
1198 1869 1272 1911 Gr.
1294 1868 1401 1931 quod
1424 1866 1606 1922 frequen·
1681 1847 1684 1886 η’

337 1923 416 1964 tius
435 1924 501 1965 est.
524 1927 672 1966 WAss.
696 1924 908 1966 Hudsonus
926 1937 966 1964 m
991 1924 1218 1979 Appendice
1243 1924 1393 1964 Van-iar.
1412 1922 1515 1964 Le&
1535 1936 1606 1963 an-

339 1988 551 2019 notaverat
567 2008 577 2027 ,
593 1980 644 2020 ita
664 1978 739 2020 effe
761 1980 801 2020 in
818 1978 879 2020 Cl.
903 1979 945 2019 &
965 1978 1036 2020 Gr.
1059 1979 1153 2019 Non
1175 1977 1493 2018 animadverterat
1508 1976 1606 2018 scili-
1664 1981 1666 1983 '

338 2041 404 2073 cet
425 2033 465 2072 in
488 2031 555 2073 sua
572 2034 740 2074 editione
759 2034 861 2075 vitio
880 2045 1092 2086 operarum
1114 2031 1291 2074 omissum
1307 2029 1382 2073 effe
1397 2031 1602 2072 articulum

339 2084 430 2133 τοῦ,
445 2099 564 2140 quem
582 2101 718 2128 omnes
735 2087 823 2128 libri
847 2086 975 2141 scripti
996 2087 1040 2128 &
1059 2087 1174 2133 editi,
1197 2098 1300 2140 quos
1322 2085 1427 2133 vidi,
1451 2085 1605 2127 habent.
1710 2130 1712 2134 ,

336 2140 422 2182 Nec
441 2140 565 2195 potest
585 2142 649 2183 ille
672 2141 814 2191 deesse,
838 2140 907 2182 nist
927 2140 1039 2181 simul
1064 2153 1140 2194 pro
1161 2141 1202 2181 ἐκ
1225 2140 1375 2193 legatur
1396 2139 1450 2192 ἐξ.

394 2196 486 2249 Pag.
508 2196 573 2250 63.
599 2197 625 2235 l.
650 2209 684 2247 5.
714 2195 1011 2250 Τεύγλουσσαν)
1033 2194 1207 2248 Quidam
1234 2192 1320 2234 Mss.
1334 2194 1600 2251 Τεὺγλουσαιν.

335 2262 429 2292 cum
441 2248 548 2290 editis
564 2249 624 2291 Cl.
648 2249 719 2291 Gr.
737 2250 791 2290 At
803 2250 1018 2304 Stephanus
1038 2247 1292 2291 Τεύτλουσσα.
1311 2250 1355 2288 τὶ
1367 2247 1494 2288 {ovim
1510 2251 1600 2288 Τεν-
1662 2248 1668 2275 ·’
1703 2291 1710 2295 x

336 2303 566 2344 τλουσσειῖος
582 2335 594 2352 ,
615 2303 634 2345 ἢ
661 2303 934 2344 Τευτλούσσιοι.
956 2303 1081 2344 Plinio
1094 2302 1149 2344 est
1171 2300 1355 2344 Seutlusa.
1378 2302 1433 2342 Ἐν
1452 2300 1600 2353 Σεὺθλῳ
1644 2300 1673 2323 ’ν
1703 2336 1707 2353 ;

335 2357 456 2402 Anna
478 2357 696 2398 Comnena.
715 2359 861 2398 WASS.
883 2357 1104 2398 Harduinus
1133 2357 1180 2397 ad
1202 2356 1295 2397 Plin.
1317 2355 1358 2395 V
1385 2353 1481 2396 Hist.
1506 2355 1597 2396 Nat.
1674 2390 1678 2407 ἶ

337 2411 409 2451 ult.
433 2420 565 2465 putat,
587 2412 628 2451 in
648 2411 928 2466 exemplaribus
952 2411 1194 2464 Thucydidis
1213 2408 1391 2451 mendose
1410 2409 1486 2463 legi
1509 2409 1599 2450 Τεὺ-
1662 2428 1668 2450 1
1700 2434 1703 2438 ›

332 2477 571 2520 ‘ymmo-saw,
596 2479 670 2520 pro
693 2470 972 2506 Τευτλουσσοιν.

402 2522 476 2559 ead.
502 2520 528 2560 l.
555 2520 592 2562 6.
618 2519 933 2575 Ἁλικαρνασσὸν)
962 2517 1019 2561 Ita
1049 2517 1136 2562 Mff.
1169 2518 1399 2560 Herodotus
1427 2516 1469 2565 1,
1501 2530 1602 2569 144,

1704 0 1716 262 ἒ
