1716 3190
353 224 448 272 590
749 205 1221 263 ΣΧΟΛΙΑ

350 310 498 358 ναίους,
515 306 578 352 διοὶ
597 309 639 352 τὸ
660 306 720 352 ἀεὶ
734 310 827 365 πρὸς
843 312 1052 368 ὑπερορίους
1074 314 1276 365 πολεμίους
1290 311 1479 367 πολέμους
1497 312 1616 364 εἶναι,

349 368 420 410 καὶ
437 368 527 412 τούς
542 369 709 414 πολλοὺς
723 369 860 413 αὐτῶν
874 369 1086 424 ἀποδημεῖν
1096 403 1109 422 ,
1121 371 1355 416 οὐδεπώποτε
1367 375 1485 420 οὕτως
1501 374 1540 417 ἐν
1551 390 1621 428 με·

350 429 471 481 γάλῳ
497 429 707 483 πράγματι
728 433 972 482 γεγενῆσθαι
997 434 1067 478 ὥςε
1091 429 1249 486 ἀθρόους
1278 441 1616 487 πεντακισχιλίους

349 487 539 530 συνελθεῖν
559 487 825 539 σκεψομένους
842 491 919 543 περὶ
939 491 1016 531 τῶν
1030 493 1170 533 κοινῶν.
1188 491 1372 542 δηλοῦται
1388 491 1427 534 δὲ
1443 491 1617 536 ἐντεῦθεν

346 547 409 589 ὅτι
432 550 467 589 οἱ
489 549 722 601 τετρακόσιοι
748 547 1134 605 δημοκρατικωτέραν
1158 553 1228 602 τῆς
1246 551 1407 606 πρόσθεν
1425 551 1614 605 ἐπηγγεί·

348 613 480 649 λαντο
493 609 652 657 ποιήσειν
668 607 740 657 την
754 610 943 649 πολιτείαν
955 639 966 655 ,
978 612 1322 661 πεντακισχιλίους
1337 613 1534 658 κοινωνούς
1547 627 1618 654 πα·

348 664 612 721 ραλαβόντες,
628 666 707 707 ὅσοι
724 663 956 708 οὐδεπώποτε
976 667 1145 722 πρότερον
1162 668 1455 723 βουλευσόμενοι
1479 676 1616 723 συνῆλ-

345 726 422 767 θον.
461 726 486 766 I.
514 739 528 764 1
543 739 578 766 1.
598 723 847 779 Ἀρξαμένου
865 727 934 767 τοῦ
950 729 1096 774 κακοῦ,
1114 729 1380 781 μεταςήσωσι)
1398 734 1528 773 κακοῦ
1543 736 1615 783 τῆς

346 785 590 839 ὀλιγαρχίας
612 784 730 835 λέγει.
755 785 853 838 φησὶ
869 784 909 825 δὲ
930 786 1003 831 ὅτι,
1025 786 1082 836 μὴ
1103 783 1284 842 ἀφορμὴν
1301 789 1370 829 καὶ
1387 787 1519 844 ἀρχὴν
1535 797 1613 831 λα-

344 845 478 898 βοῦσα
497 845 519 894 ἤ
538 842 761 900 ὀλιγαρχία
781 841 856 886 ἀπὸ
875 847 951 887 τῶν
971 842 1010 886 ἐν
1027 843 1177 898 Σάμῳ,
1198 849 1406 901 καταλύσῃ
1432 849 1520 894 τοὺς
1546 864 1610 892 τε·

345 905 577 960 τρακοσίους.

403 964 504 1013 Pag.
522 976 538 1002 1
552 976 568 1002 1
582 976 598 1002 1
608 995 617 1004 .
629 963 654 1005 I.
669 974 708 1004 2.
723 959 816 1003 Καὶ
827 961 932 1008 ὄντες
949 962 1089 1015 δῆμος)
1103 964 1245 1015 ἤγουν,
1261 963 1526 1019 δημοκρατίαν
1540 981 1612 1009 κα-

348 1024 607 1072 ταςῆσαντες.
651 1022 678 1063 l.
705 1035 740 1070 5.
758 1020 849 1064 Καὶ
863 1022 1029 1075 ἔμελλον
1045 1026 1126 1065 τοῖς
1140 1023 1293 1072 ἄλλοις,
1311 1026 1362 1070 ὡς
1379 1024 1490 1078 δήμῳ
1502 1027 1608 1075 ὅντι,

346 1077 618 1138 ἐπιθήσεσθαι)
637 1081 800 1133 ἔμελλον
820 1082 963 1136 (φησί)
981 1081 1070 1124 τοὺς
1089 1081 1146 1134 μη
1166 1083 1457 1135 συνομόσαντας
1475 1100 1611 1128 κατα-

344 1143 484 1183 λύσειν.
511 1142 538 1183 l.
561 1147 598 1187 8.
625 1139 687 1182 Ού
704 1138 769 1182 διοὶ
784 1137 1003 1199 δυνάμεως)
1022 1140 1064 1184 οὐ
1081 1140 1315 1198 φοβούμενοι
1335 1143 1410 1196 τὴν
1426 1143 1586 1199 δύναμιν
1593 1175 1609 1194 ,

340 1201 423 1244 οὐδὲ
442 1200 485 1243 τὸ
506 1199 677 1254 ἀξίωμα.

402 1263 503 1311 Pag.
532 1275 547 1300 ι
563 1273 627 1301 12.
646 1261 671 1300 l.
701 1271 736 1311 3.
754 1258 827 1311 Τῷ
847 1257 906 1307 δὲ,
923 1259 1178 1311 ὃπλιτεύοντι)
1193 1258 1285 1304 ἀντὶ
1303 1262 1393 1310 τοῦ,
1411 1261 1609 1307 ὁπλιτικοῦ

342 1321 521 1375 ἄρχοντι.
550 1321 576 1358 I·
593 1332 630 1371 7.
646 1317 718 1363 Ἐς
733 1320 847 1362 τοῦτο
861 1318 1092 1374 ξυνέμεινεν)
1107 1322 1207 1371 ἤτοι,
1225 1320 1348 1374 μέχρι
1366 1321 1470 1377 δεῦρο
1488 1323 1610 1375 μεμές-

344 1395 466 1432 οηκεν.
477 1377 659 1422 ”Αλλως·
678 1378 717 1421 ἐν
735 1381 857 1429 τούτῳ
871 1379 999 1431 τύχης
1013 1379 1233 1432 μεμένηκεν.
1261 1381 1286 1421 l.
1305 1379 1452 1427 8.“Ἐνα
1468 1382 1607 1429 ἕκαςον

340 1440 567 1495 μετῄεσαν)
586 1435 677 1480 ἀντὶ
693 1440 783 1487 τοῦ,
798 1437 947 1480 ἐδέοντο
965 1438 1119 1485 ἑκάςου.
1157 1440 1183 1479 l.
1208 1453 1244 1490 9.
1262 1439 1367 1483 Τοὺς
1387 1437 1607 1495 Παράλους

344 1499 514 1555 ἄνδρας)
532 1501 670 1550 ἤγουν,
687 1496 778 1541 τοὺς
798 1496 841 1539 ἐκ
858 1500 928 1549 τῆς
948 1499 1035 1542 νεὼς
1051 1501 1122 1548 τῆς
1137 1495 1346 1554 Παράλου.
1386 1501 1412 1542 l.
1428 1513 1444 1539 1
1458 1514 1493 1540 1.
1513 1499 1607 1542 Καὶ
1656 1533 1661 1538 ,
1693 1499 1696 1510 ³

343 1560 399 1612 μη
419 1559 586 1612 παρούσῃ
599 1552 874 1613 ἐπικειμένους)
892 1555 1134 1610 ἀχθομένους
1152 1556 1393 1614 ὀλιγαρχία,
1411 1561 1478 1601 καὶ
1496 1560 1529 1601 εἰ
1545 1561 1606 1613 μὴ

341 1618 436 1662 εἶναι
449 1633 496 1660 τυ
498 1618 586 1670 χόν.
605 1617 631 1657 l.
648 1630 663 1656 1
674 1629 713 1658 2.
728 1614 892 1666 Αύτοΐς)
907 1621 988 1661 τοῖς
1003 1615 1046 1658 ἐκ
1066 1620 1135 1669 τῆς
1145 1614 1286 1669 Σάμου
1303 1614 1606 1674 δημοκρατικοῖς.
1657 1661 1662 1666 ,
1680 1664 1682 1666 ,

399 1680 500 1728 Pag.
530 1691 545 1716 1
559 1688 624 1726 13.
649 1677 674 1717 l.
703 1690 739 1716 1.
765 1675 819 1718 Oi
832 1679 906 1718 τῶν
925 1674 1090 1728 Σαμίων
1109 1673 1300 1734 πλείονες)
1317 1679 1351 1719 οἱ
1369 1676 1605 1733 δημοκρατι-

340 1741 409 1781 κοί.
451 1739 476 1778 l.
498 1749 533 1788 7.
562 1734 634 1781 Ἐς
651 1736 721 1788 την
735 1736 969 1788 μετάςασιν)
991 1735 1136 1788 ἤγουν,
1152 1736 1207 1780 εἰς
1222 1735 1268 1779 τὸ
1284 1739 1513 1780 καταλῦσαι
1529 1738 1602 1790 τὴν

336 1797 591 1851 ὀλιγαρχίαν.

397 1859 496 1907 Pag.
515 1870 530 1895 1
545 1870 560 1895 1
571 1869 612 1905 4.
626 1855 651 1896 I.
671 1866 706 1906 3.
720 1850 813 1896 Ἐπὶ
829 1852 875 1896 τὸ
893 1855 1021 1908 μεῖζον
1037 1851 1171 1897 πάντα
1185 1853 1384 1906 δεινώσας)
1400 1857 1532 1908 ἤγουν,
1544 1857 1601 1902 εἰς

338 1917 395 1960 τα
414 1916 615 1957 δεινότατα
633 1917 689 1966 τῷ
710 1914 822 1966 λόγῳ
841 1913 1004 1968 ε’πᾴρας.
1043 1913 1068 1953 l.
1091 1928 1127 1965 9.
1145 1913 1360 1968 Λαβόντες
1377 1913 1533 1974 εἴρξειν)
1550 1918 1598 1959 τὸ

338 1980 465 2032 εὶρέειν
483 1973 574 2016 ἀντὶ
587 1976 657 2016 τοῦ
672 1971 791 2028 εἷρξαι
810 1976 947 2015 κεῖται.
964 1973 1009 2015 τὸ
1027 1971 1086 2021 δὲ,
1103 1974 1170 2014 ἵνα
1188 1973 1235 2026 ἢν
1254 1974 1311 2025 μὴ
1337 1975 1600 2025 ὑπακούσωσι,
1655 2013 1661 2024 ,

336 2036 558 2087 τεθνῆκωσι,
576 2036 720 2086 ἤγουν,
743 2032 789 2084 ἢν
807 2036 864 2086 μὴ
882 2033 1147 2075 ὑπακούσωσιν
1162 2035 1196 2075 οἱ
1213 2030 1252 2076 ἐν
1267 2031 1419 2088 Σάμῳ,
1443 2031 1597 2078 &nood-

342 2109 450 2138 νωσιν
467 2093 602 2135 αὐτῶν
620 2095 655 2134 οἵ
671 2093 928 2148 προσήκοντες.
986 2131 992 2136 .

394 2156 496 2204 Pag.
516 2168 531 2194 1
546 2165 611 2201 15.
632 2153 656 2195 l.
672 2157 708 2194 6.
727 2151 812 2201 Τῆς
825 2150 1082 2204 μεταβολῆς)
1099 2153 1170 2203 τῆς
1188 2148 1265 2195 ἀπὸ
1285 2148 1529 2208 ὀλιγαρχίας
1541 2150 1600 2197 εἰς

335 2215 616 2270 δημοκρατίαν.
643 2213 670 2253 l.
684 2226 720 2263 9.
731 2208 797 2252 τΗ
813 2212 891 2263 μὴν
907 2209 1272 2267 δημοκρατήσεσῦαί
1285 2214 1354 2262 τε)
1375 2214 1598 2268 γράφεται,
1653 2229 1678 2258 ,·

337 2284 361 2325 η
380 2275 458 2327 μὴν
476 2273 837 2327 δημοκρατήσεσθαί
847 2285 890 2312 τε
901 2303 911 2318 ,
922 2272 990 2312 καί
1004 2271 1216 2322 ὁμονοήσειν
1227 2271 1296 2314 καὶ
1313 2271 1402 2317 τοὺς
1415 2284 1597 2328 τετρακο-

337 2338 459 2379 σίους,
475 2330 653 2384 πολέμιοί
669 2345 711 2373 τε
730 2331 903 2378 ἔσεσθαι,
922 2331 990 2371 καὶ
1005 2329 1121 2372 οὐδέν.

393 2395 494 2443 Pag.
514 2406 530 2432 1
545 2405 560 2431 1
572 2395 608 2432 6.
621 2391 646 2432 I.
663 2404 698 2439 5.
713 2390 766 2432 Οἱ
778 2389 850 2442 μὲν
860 2422 870 2438 ,
885 2390 957 2440 τὴν
971 2389 1096 2440 πόλιν)
1113 2391 1248 2442 ἤγουν,
1265 2390 1299 2432 οἱ
1315 2387 1354 2432 ἐν
1369 2385 1500 2442 Σάμῳ
1515 2387 1594 2434 τοὶς

332 2451 516 2503 Ἀθήνας.
544 2452 568 2492 l.
587 2455 624 2490 6.
642 2448 695 2492 Οἱ
708 2449 771 2502 δὲ)
789 2451 822 2492 οἱ
837 2446 876 2493 ἐν
890 2446 1089 2502 Ἀθήναις.
1117 2449 1143 2494 l.
1160 2462 1176 2492 1
1187 2462 1225 2492 2.
1241 2446 1300 2492 Ἡ
1317 2449 1424 2495 πόλις
1437 2447 1589 2499 αὐτῶν)

330 2517 452 2565 ἤγουν
471 2513 515 2556 αἱ
528 2507 708 2564 Ἀθῆῡαι.

1659 2856 1703 3190 2zz-sfssv'ssYzQsseasg
1679 2797 1701 2833 20„-
1676 2734 1701 2779 “f-⁴„
