1716 3190
339 231 437 296 '412
740 232 1211 289 EXOAIA

340 332 521 393 περίεςιν)
540 331 628 378 ἀντὶ
648 337 736 384 τοῦ,
758 335 904 383 πάντες
922 334 1135 380 ἀπώλοντο.
1177 336 1262 377 ead.
1282 333 1611 396 Ἐκπέμψαντες)

338 392 386 436 ἐκ
405 399 475 446 τῆς
494 395 636 440 πόλεως
658 394 801 438 αὐτῶν.

399 456 500 505 Pag.
518 459 615 495 206.
634 456 658 495 L
680 469 715 495 1.
736 451 1008 513 Ἐσπένδοντο)
1024 454 1192 500 σπονδὰς
1209 454 1364 510 ἐζήτουν
1381 459 1532 507 ποιῆσαι
1550 453 1614 497 ἐπὶ

340 512 414 563 τὴν
432 512 629 566 ἀνάληψιν
648 516 723 556 τῶν
742 517 892 569 νεκρῶν.
922 515 947 554 l.
967 527 1005 556 2.
1027 514 1079 557 Οἱ
1095 513 1170 567 μὲν
1186 515 1233 565 δη
1250 517 1326 556 τῶν
1341 511 1606 572 Πλαταιέων)

339 571 583 627 μετάβασις.
614 574 639 613 l.
661 585 696 623 3.
716 569 974 628 Ὑπερβάντες
987 569 1201 632 ἐσώθησαν)
1219 574 1365 630 ζῶντες
1380 572 1613 626 ἐφυλάχθη-

338 645 428 672 σαν.
475 633 501 674 ἰ.
523 646 560 683 9.
585 631 677 676 Τοῖς
701 631 895 686 προέδροις)
919 636 998 675 τοῖς
1018 634 1188 688 ἄρχουσι
1207 636 1288 675 τῶν
1309 632 1610 684 Μιτυληναίων.

338 690 526 733 εαιί.”Οτι
541 687 710 747 ἐσβολὴ)
725 691 860 742 ἔφοδος
873 693 949 733 τῶν
964 690 1288 744 Λακεδαιμονίων
1301 692 1410 734 κατα
1423 697 1493 744 τῆς
1506 690 1610 734 Ἀτ-

337 755 459 802 τικῆς.
499 751 525 790 Ζ.
550 763 615 802 13.
635 748 850 805 Ἐθάρσουν
868 751 928 800 τε)
947 751 1087 806 θάρρος
1104 749 1343 803 ἐλάμβανον.
1380 753 1405 791 Ζ.
1428 766 1492 801 14.
1518 751 1608 802 Την

337 810 517 860 γνώμην)
537 810 644 851 κατα
661 809 732 860 την
744 812 963 864 προαίρεσιν.
993 811 1079 850 ead.
1105 809 1356 864 Ξυμβαίνειν)
1377 813 1610 863 συμφωνεῖν.

384 871 500 919 Pag.
527 881 624 920 207.
649 870 674 908 I.
704 883 740 919 9.
769 865 1027 926 Κλεομένης)
1051 867 1162 914 οὗτος
1183 870 1201 911 ὃ
1222 868 1476 922 Κλεομένης,
1497 871 1566 912 καὶ
1589 870 1608 912 ὁ

335 925 588 982 Πλειςοάναξ
596 961 606 977 ,
623 926 759 970 παῖδές
774 929 843 969 εἰσι
863 926 1089 971 Παυσανίου
1106 930 1176 970 τοῦ
1192 927 1230 971 ἐν
1245 926 1505 971 Πλαταιᾶσιν
1524 927 1606 983 ἀρι-

335 989 541 1034 ςεύσαντος
555 987 616 1030 ἐπὶ
631 990 708 1029 τῶν
723 985 891 1038 Μήδων.
919 989 944 1028 l.
966 1002 982 1027 1
996 1002 1031 1036 5.
1049 986 1335 1039 Ἐπιμένοντες)
1356 991 1389 1030 οἱ
1405 987 1611 1030 Λακεδαι-

335 1049 457 1099 μόνιοι
476 1040 639 1105 (φησὶν)
655 1046 893 1098 ἐπιμένοντες
908 1045 1076 1089 ἀκοῦσαι
1089 1047 1132 1088 τὸ
1145 1045 1436 1100 ἀποβησόμενον
1448 1047 1524 1089 ἀπὸ
1537 1051 1609 1099 τῆς

337 1106 507 1159 Λέσβου
523 1105 594 1148 ὑπὸ
616 1108 686 1148 τοῦ
705 1106 894 1153 Ἀλκίδα,
912 1106 1046 1158 ἔτεμον
1064 1105 1120 1148 τα
1139 1106 1271 1148 πολλοὶ
1289 1110 1359 1159 τῆς
1375 1105 1587 1158 Ἀττικῆς.Κ

391 1169 498 1216 Pag.
522 1174 619 1212 208-
638 1167 662 1206 l.
691 1179 729 1207 2.
747 1164 999 1221 Ἐπεξῆλθον)
1020 1165 1248 1222 ἐπέδραμον.
1275 1167 1301 1207 l.
1323 1171 1360 1207 6.
1375 1165 1513 1208 Ἀλλά
1531 1164 1610 1207 ε’νεὲ-

337 1226 539 1281 χρόνιζον)
558 1227 596 1267 ἒν
621 1240 691 1267 τινι
719 1227 822 1278 τόπῳ
847 1225 961 1267 πολὺν
982 1225 1126 1279 χρόνον
1152 1225 1351 1277 μένουσαι,
1378 1225 1610 1280 διεβίβαζον.
1671 1236 1695 1244 ”

335 1287 364 1326 l.
396 1300 460 1326 10.
489 1283 564 1328 Ὡς
580 1283 740 1339 ἐπεξιὼν
760 1288 838 1329 τοῖς
856 1280 1108 1342 Ἀθηναίοις)
1130 1285 1182 1330 ὡς
1200 1284 1480 1338 κινηθησόμενος
1498 1285 1608 1327 κατα

337 1349 418 1387 τῶν
435 1343 664 1399 Ἀθηναίων.
701 1346 726 1384 l.
758 1358 774 1384 1
789 1358 825 1386 1.
853 1342 1096 1399 Ἠκροῶντο)
1120 1345 1306 1395 ὑπήκουον
1328 1348 1410 1388 τοῖς
1432 1346 1610 1401 ἄρχουσι.

334 1405 362 1446 I.
390 1417 455 1454 13.
477 1403 567 1447 Καὶ
584 1402 785 1456 διανέμειν)
801 1403 1090 1459 μεμερισμένους
1108 1403 1256 1445 διδόναι.

394 1466 494 1514 Pag.
516 1477 611 1514 209.
634 1464 658 1504 I.
681 1477 715 1503 1.
741 1462 1100 1519 Ξυγχωρησαντες)
1119 1463 1352 1517 ὑπείξαντες.
1382 1464 1407 1504 L
1432 1475 1466 1515 3.
1488 1463 1609 1505 Γνόν-

335 1538 401 1568 τες
420 1523 460 1564 δὲ
478 1525 510 1565 οἱ
527 1521 568 1564 ἐν
586 1526 664 1567 τοῖς
685 1519 940 1579 πράγμασιν)
965 1524 998 1563 οἱ
1017 1522 1072 1563 τοὶ
1091 1525 1160 1574 τῆς
1184 1522 1325 1568 πόλεως
1351 1522 1607 1576 πράττοντες.

333 1584 361 1624 I.
384 1588 421 1623 6.
445 1581 617 1638 Ἐξεῖναι
638 1582 864 1638 βουλεύσαι)
883 1582 1177 1635 βουλεύσεσθαι,
1204 1582 1230 1621 I.
1255 1596 1320 1623 10.
1335 1580 1475 1623 Πάλιν
1491 1581 1608 1623 ἔλθω-

333 1643 412 1693 σιν)
431 1639 690 1685 ἐπανέλθωσιν.
720 1642 745 1681 ἰ.
769 1654 833 1682 12.
853 1641 905 1683 Οἱ
923 1640 964 1682 δὲ
984 1636 1230 1741 πράξαντειῼ
1251 1643 1282 1683 οἱ
1301 1643 1518 1696 πρωταίτιοι
1537 1645 1610 1694 τῆς

335 1701 562 1748 ἀποςάσεως
581 1704 656 1743 τῶν
671 1699 1010 1752 Λακεδαιμονίων.
1041 1701 1066 1740 l.
1088 1714 1103 1740 1
1114 1713 1152 1749 4.
1218 1701 1358 1756 εριδεεῖς
1375 1701 1498 1751 ὄντες)
1513 1702 1611 1756 περί-

334 1762 453 1817 φοβοι
469 1761 692 1814 γεγονότες.
722 1761 808 1801 cad.
828 1759 917 1803 Οὐκ
936 1755 1167 1816 ἠνέσχοντο)
1186 1764 1315 1811 μεῖναι
1337 1760 1518 1812 δηλονότι.

392 1823 495 1872 Pag.
513 1835 561 1862 21
573 1837 611 1864 0.
629 1822 654 1862 l.
679 1835 714 1861 1.
732 1818 966 1870 Ἀναςησας
980 1814 1149 1875 αὐτοὺς)
1170 1816 1325 1875 ἐγείρας
1344 1817 1420 1861 ἀπὸ
1434 1822 1512 1861 τῶν
1528 1818 1609 1872 βω-

332 1884 429 1935 μῶν.
458 1882 483 1921 I.
511 1893 545 1932 3.
568 1875 903 1936 Προσεκτησατο)
926 1879 1236 1934 προσεποιήσατο.
1265 1880 1291 1919 l.
1309 1893 1347 1928 4.
1369 1874 1606 1936 Καθίςτατο)

333 1939 522 1983 εὐτάκτει.
567 1942 594 1983 Ζ.
613 1953 650 1989 7.
667 1939 758 1982 Καὶ
777 1938 889 1981 κατα
907 1939 974 1981 τὸν
990 1938 1114 1979 ἄλλον
1134 1940 1274 1989 πλοῦν)
1293 1938 1362 1980 τὸν
1385 1936 1459 1980 ἀπὸ
1479 1935 1612 1980 Πελο-

333 2001 518 2051 ποννήσου
539 2000 592 2044 εἰς
610 1997 860 2051 Μιτυλήνην.
889 1999 914 2039 l.
940 2012 976 2048 9.
994 1995 1094 2049 Πρὶν
1114 1993 1186 2054 δὴ)
1205 1997 1275 2043 ἕως
1295 1996 1350 2039 οὗ.
1373 1998 1464 2038 bad.
1482 1995 1610 2052 Προσ-

332 2058 480 2112 έσχον)
501 2060 830 2115 προσωρμίσαντο.
873 2059 898 2098 Ζ.
926 2070 990 2098 12.
1011 2053 1084 2099 Ἐς
1096 2053 1349 2115 Ἔμβατον)
1374 2057 1418 2100 τὸ
1437 2056 1541 2104 ςενὸν
1562 2057 1608 2099 τὸ

332 2119 492 2174 μεταξὺ
511 2118 607 2160 Χίου
626 2119 695 2160 καὶ
710 2115 912 2173 Ἐρυθράς.
1195 2112 1197 2116 ’
1401 2150 1404 2156 .

392 2180 494 2229 Pag.
520 2191 617 2220 211.
636 2178 662 2218 l.
690 2190 725 2226 5.
755 2175 853 2232 Πρίν
876 2177 1080 2226 ἔκπύςους)
1107 2175 1309 2231 φανερούς.
1352 2177 1438 2216 ead.
1458 2173 1608 2229 “nense

332 2233 507 2295 ἔχομεν)
524 2236 613 2280 ἀντὶ
627 2237 718 2285 τοῦ,
734 2238 786 2280 ὡς
805 2238 872 2277 νῦν
892 2235 1020 2289 ἐσμέν.
1049 2237 1074 2277 l.
1095 2249 1132 2287 7.
1154 2233 1246 2277 Καὶ
1262 2231 1387 2294 πάνυ)
1402 2237 1606 2288 εὑρήσομεν

332 2298 379 2341 τὸ
398 2296 635 2351 ἀφύλακτον
654 2296 839 2348 δηλονότι.
867 2297 892 2335 I.
921 2310 986 2337 10.
1004 2294 1093 2337 Καὶ
1113 2295 1158 2336 τὸ
1178 2295 1290 2349 πεζὸν
1307 2290 1459 2352 αὐτῶν)
1478 2294 1523 2336 τὸ
1542 2294 1609 2335 διαὶ

333 2359 457 2413 ξηρᾶς
475 2358 689 2412 ςράτευμα.
719 2356 744 2396 l.
770 2368 834 2404 14.
853 2353 941 2397 Οὐκ
959 2356 1060 2396 ἄλλό
1079 2369 1117 2395 τι
1135 2351 1228 2395 εἶναι
1246 2354 1291 2394 τὸ
1310 2353 1439 2395 καινὸν
1458 2355 1530 2396 τοῦ
1543 2367 1610 2395 πο-

333 2416 479 2468 λέμου)
506 2415 552 2458 τὸ
572 2415 723 2462 καινὸν,
749 2418 782 2456 οἱ
799 2413 871 2466 μὲν
889 2414 952 2456 δια
970 2413 1186 2465 διφθόγγου
1209 2412 1458 2466 γράψαντες,
1481 2413 1603 2457 οὕτως

331 2473 516 2527 ἐνόησαν,
537 2474 582 2517 τὸ
607 2474 697 2528 παρ’
711 2473 847 2516 ἐλπίδα
866 2474 934 2515 καί
949 2473 1054 2527 παρα
1072 2472 1190 2526 δόξαν
1207 2473 1333 2516 ποιοῦν
1353 2469 1392 2513 ἐν
1408 2475 1486 2514 τοῖς
1504 2479 1609 2514 πολε-

332 2538 434 2589 μίοις
459 2538 587 2588 νικᾷν,
611 2532 783 2582 τουτέςι,
804 2533 850 2576 τὸ
877 2531 1060 2576 ἐπιπεσεῖν
1080 2529 1324 2585 ἀφυλάκτως
1343 2534 1422 2578 τοῖς
1442 2528 1609 2587 ἐχθροῖς,

1669 2662 1675 2670 „
1679 2614 1681 2617 -
1660 2066 1713 2592 ‡‡}:÷-3⁵.r>s2mmmm‚zfflp„,
1679 2025 1716 2043 χ
1690 1978 1716 1999 «ν,
1684 1882 1716 1961 ..-s
